3528 5604
726 610 897 675 ..qq-

257 785 342 876 apud
357 805 432 856 eum
447 807 544 878 quam
559 788 645 877 apud
659 789 806 878 quemvis
819 789 919 857 alium
935 807 1031 857 nemo
1047 787 1272 857 admirabitur.
1290 791 1366 858 Per-

256 900 377 970 multae
396 909 502 971 tamen
522 902 676 992 loquendi
695 902 851 972 formulae
875 922 958 994 quae
981 901 1161 972 Plautiuam
1185 903 1367 973 oratiouam

258 1017 350 1106 quasi
363 1017 495 1107 proprio
515 1018 622 1088 colore
648 1019 803 1110 insignire
821 1018 982 1101 videntur,
1004 1019 1090 1110 apud
1118 1019 1294 1110 Vergilium
1315 1039 1367 1088 re·-

258 1141 399 1202 ourrent.
411 1133 547 1202 Multum
560 1134 646 1203 enim
661 1134 760 1205 valuit
769 1134 823 1204 ille
837 1134 878 1204 ad
893 1135 1036 1224 syntaxis
1046 1135 1133 1226 leges
1144 1133 1365 1216 stabiliendas,

258 1256 290 1316 et
306 1247 376 1317 eius
392 1247 519 1318 dicendi
533 1249 614 1320 ratio
632 1269 748 1340 parum
763 1249 804 1320 ab
823 1270 936 1321 eorum
951 1250 1075 1327 ratione
1090 1249 1300 1350 scriptorum,
1313 1249 1369 1340 qui

260 1361 383 1434 classici
401 1365 568 1448 potantur,
589 1365 761 1456 discrepat.

302 1483 339 1548 In
353 1481 513 1558 Terentio,
536 1480 592 1571 qui
624 1481 759 1552 ultimus
791 1482 942 1574 antiquae
978 1482 1143 1554 latinitatis
1174 1491 1287 1554 auctor
1306 1479 1369 1550 dici

259 1606 377 1691 potest,
398 1617 561 1688 quemque
579 1599 694 1667 Caesar
713 1606 805 1668 vocat
828 1626 842 1663 u
870 1601 951 1689 puri
967 1601 1119 1669 sermonis
1144 1612 1331 1683 amatorem,
1354 1627 1369 1664 »

261 1715 369 1784 minus
388 1711 515 1784 roboris
544 1712 628 1784 inest
645 1737 653 1796 ;
680 1713 737 1784 sed
755 1714 825 1785 eius
841 1733 948 1784 sermo
968 1714 1099 1806 elegans
1125 1697 1158 1785 et
1170 1734 1286 1805 purus,
1304 1715 1371 1786 iere

261 1829 401 1901 oratorio
416 1828 525 1919 generi
541 1823 655 1899 similis
671 1853 678 1912 ;
694 1829 782 1898 illa'm
804 1829 959 1900 orationis
977 1829 1170 1921 elegantiam
1189 1840 1222 1901 et
1240 1831 1397 1902 concio-³

261 1946 393 2016 nitatem
412 1945 445 2014 in
476 1945 621 2015 medium
643 1946 789 2036 protulit,
820 1967 904 2038 quae
928 1950 1097 2044 urbanitas
1127 1959 1282 2029 vocatur..
1301 1951 1371 2020 Nou

262 2061 325 2131 iam
353 2061 439 2151 apud
462 2081 538 2130 eum
556 2061 630 2132 illae
654 2071 827 2133 occurrunt
852 2063 979 2134 dicendi
1006 2063 1153 2134 licentiae
1173 2073 1205 2134 et
1229 2073 1374 2135 curtatae

261 2175 430 2257 formulae,
455 2195 536 2267 quas
566 2176 599 2245 in
631 2177 779 2247 Plautino
796 2196 946 2248 sermone
965 2177 1149 2268 frequentes
1175 2178 1372 2248 invenimus.
1470 2159 1471 2168 ἵ

184 2280 187 2298 '
260 2292 382 2363 Laudat
406 2291 527 2382 ipsein
555 2292 623 2362 suis
642 2293 786 2384 prologis
816 2293 905 2363 illam
934 2314 1055 2384 purum
1086 2297 1261 2364 orationem
1289 2315 1375 2386 quae

264 2428 397 2478 suarum
409 2407 650 2478 comoediarum
669 2408 835 2498 propriam
860 2429 933 2481 esse
954 2410 1142 2480 contendit:
1169 2414 1266 2479 Haut.
1288 2408 1373 2498 prol.

263 2529 304 2594 lb
321 2547 329 2594 :
348 2547 374 2600 .«
397 2528 435 2593 Iu
454 2523 514 2592 bac
545 2531 595 2593 est
612 2545 702 2613 puro
724 2515 837 2594 oratio.
866 2547 883 2592 a
908 2525 1107 2616 Elegantiam
1131 2532 1247 2615 poetae
1264 2522 1376 2593 laudat

262 2639 478 2722 Quintilianus
491 2642 530 2721 X,
551 2644 581 2721 l,
597 2643 639 2708 99
655 2662 662 2708 :
683 2640 843 2711 «Terenti
859 2640 1021 2731 scriptae·
1038 2640 1161 2711 suntin
1179 2640 1241 2711 boc
1257 2659 1376 2731 genere
1479 2721 1485 2751 '

262 2756 502 2844 eloquerissimo.
529 2777 547 2822 a
568 2758 657 2837 Quae
670 2755 742 2825 laus
762 2755 924 2827 scribendi
943 2756 1029 2847 apud
1045 2777 1120 2827 eum
1139 2766 1229 2827 tanta
1252 2755 1323 2837 fuit,
1340 2762 1377 2824 ut

265 2871 376 2941 «eius
411 2869 547 2940 fabellae
578 2879 711 2962 propter
738 2874 927 2958 elequotium
952 2876 1104 2942 sermonis
1136 2872 1329 2962 putarentur
1358 2891 1378 2940 a

263 2986 370 3057 Laelio
384 2985 491 3056 scribi.
519 3008 537 3053 a
564 2986 686 3074 (Cicero
701 2987 741 3056 ad
757 2991 820 3057 dtt.
837 2992 905 3069 vlt,
928 2994 961 3070 3,
984 2991 1054 3076 td.)
1072 2993 1140 3058 Non
1157 2986 1297 3057 multum
1313 2986 1377 3055 iam

264 3101 305 3172 ab
332 3121 448 3172 aureae
467 3101 580 3172 aetatis
600 3102 795 3193 scriptorum
822 3104 967 3174 oratione
998 3103 1162 3186 abhorret,
1190 3121 1377 3194 quanquam

266 3217 423 3310 quasdam
456 3217 562 3288 adbuc
593 3217 715 3290 lormas
751 3219 904 3302 admittit,
944 3239 1027 3310 quae
1055 3217 1222 3310 antiquam
1248 3217 1379 3308 sapiunt

264 3333 466 3414 latinitatem,
487 3353 519 3402 v,
540 3354 586 3424 g.‚
600 3335 714 3421 potiri,
736 3334 840 3416 abuti,
861 3335 954 3422 sumt
973 3353 1047 3403 eum
1067 3332 1261 3416 accusativo,
1282 3335 1376 3413 decet,

265 3453 344 3520 dolet
363 3469 437 3519 cum
464 3448 583 3531 dativo,
610 3457 642 3518 et
665 3448 745 3518 illud
773 3448 983 3519 Plautinum:
1006 3470 1054 3518 ota
1071 3451 1236 3544 eccruciot
1257 3450 1373 3517 ocimi.

313 3564 497 3655 Insequenti
515 3572 630 3648 aetate,
660 3583 743 3654 quae
775 3564 894 3634 estad
924 3567 1118 3655 Augustum,
1151 3563 1251 3634 latina
1269 3563 1381 3655 lingua

268 3681 362 3752 caleri
378 3701 412 3750 se
426 3683 604 3771 progressu
618 3680 737 3750 evolvit
755 3689 788 3751 et
806 3679 846 3749 ad
866 3679 955 3749 illam
974 3679 1130 3750 orationis
1150 3678 1379 3770 perlectionem

268 3806 376 3868 evecta
412 3805 473 3878 est,
509 3816 592 3886 quae
622 3795 919 3866 tandem·ltoomnu
951 3798 1062 3883 linquo
1089 3795 1220 3885 proprie
1246 3795 1316 3878 luit,
1349 3803 1381 3865 et

267 3913 468 3984 excultorum
504 3913 771 4004 eruditorumque
800 3913 945 3983 virorum
970 3931 1069 4002 opera
1103 3931 1174 3982 sese
1194 3911 1227 3979 in
1246 3911 1379 4002 plenum

267 4029 545 4120 laetissimumque
576 4029 691 4099 dorem
715 4027 870 4118 expandit
898 4035 931 4097 et
952 4027 1107 4097 dilatavit.
1145 4032 1234 4096 'lunc
1248 4045 1266 4096 e
1280 4025 1380 4095 latina

236 4225 244 4237 .
267 4145 379 4236 lingua
392 4163 526 4214 romana
539 4165 610 4215 sese
622 4143 795 4236 expedivit.
811 4148 898 4213 Haec
909 4143 970 4213 fuit
983 4167 1000 4210 «
1017 4147 1086 4213 Vox
1101 4142 1239 4213 Romani
1252 4140 1379 4232 generis

268 4259 424 4349 urbisque
439 4259 582 4350 propria,
599 4260 633 4328 iu
659 4279 724 4350 qna
742 4258 822 4327 nibil
841 4256 972 4340 aliendi,
995 4256 1075 4326 nibil
1095 4256 1278 4346 displicere,
1299 4253 1379 4325 nihil

269 4374 480 4446 animaduerti
509 4375 623 4466 possit,
653 4374 733 4444 nihil
767 4392 883 4445 souare
909 4382 965 4443 aut
999 4372 1087 4444 olere
1113 4371 1379 4462 peregrinum.»

271 4490 347 4577 (Cic.
381 4490 421 4560 de
452 4493 539 4560 Orat.
577 4494 635 4574 ΠΙ,
670 4495 723 4572 ta,
747 4494 818 4578 tt.)
852 4489 997 4559 Primum
1030 4487 1117 4560 enim
1145 4487 1257 4579 lingua
1283 4487 1380 4557 certis

270 4603 422 4674 adstricta
439 4613 488 4676 est
505 4604 643 4698 legibus,
661 4605 781 4696 quibus
802 4605 920 4698 singuli
940 4603 1127 4697 scriptores
1147 4603 1221 4676 licet
1242 4601 1380 4694 ingeniis

1211 4783 1216 4794 i
1248 4743 1262 4790 a
