3540 5612
891 607 1085 682 -lbb-

429 787 522 881 apuu
536 785 668 860 eosdem
680 784 844 858 rarissime
863 785 943 856 tales
960 786 1144 860 remotioris
1156 805 1274 860 causae
1285 786 1416 860 ablativi
1428 805 1543 858 cccm-

429 913 517 976 runt.
539 907 687 976 Atmmeu
705 901 768 972 Cic.
784 900 825 971 de
841 901 903 993 leg.
919 905 977 986 ΙΙΙ,
994 905 1015 970 7
1034 924 1053 970 c
1073 903 1191 994 Regale
1205 902 1342 974 civitatis
1356 923 1459 996 genus
1476 922 1543 972 non

429 1031 495 1092 tam
526 1019 617 1112 regni
644 1037 742 1109 quam
767 1016 853 1108 regis
882 1019 969 1087 ciclis
994 1018 1201 1108 repudiatum
1225 1029 1286 1092 est.
1309 1019 1430 1090 »Phil
1451 1022 1478 1101 Ι,
1501 1023 1542 1087 48

430 1157 450 1204 c
484 1133 707 1226 Significarent
741 1151 777 1205 se
812 1132 953 1222 beneficio
981 1153 1059 1202 novo
1077 1133 1269 1204 memoriam
1283 1133 1401 1204 veteris
1419 1132 1543 1203 doloris

429 1248 596 1322 abiecisse.
619 1270 637 1316 »
658 1250 748 1316 Caes.
769 1250 805 1315 Β.
827 1248 864 1315 G.
885 1249 938 1329 Vl,
961 1251 980 1314 9
1001 1269 1019 1314 v
1039 1250 1083 1317 Ne
1102 1251 1261 1344 erminoni
1279 1251 1348 1318 odio
1365 1251 1544 1319 Germano-

429 1384 502 1437 rum
525 1362 714 1434 innocentcs
736 1380 795 1452 pro
819 1359 1011 1432 nocentibus
1035 1381 1157 1453 poenas
1180 1363 1334 1454 pendant.
1358 1386 1376 1430 »
1396 1369 1432 1434 Β.
1458 1367 1492 1433 C.
1512 1368 1540 1448 l,

428 1485 470 1552 8Ι
486 1502 505 1550 c
521 1476 686 1550 Frumenti
699 1478 809 1566 inopie
821 1475 1021 1566 colloquium
1040 1487 1167 1568 petunt
1191 1503 1209 1548 e

469 1594 562 1686 Apud
579 1591 719 1664 Ennium
734 1611 809 1662 vero
823 1591 1073 1684 Lucretiumque
1087 1602 1118 1664 et
1144 1603 1267 1666 ceteros
1280 1604 1393 1687 poetas
1408 1595 1542 1667 liberior

426 1713 523 1786 etiam
538 1719 570 1784 et
587 1709 743 1782 remotior
760 1708 919 1780 ablativus
933 1729 1049 1782 causae
1063 1732 1127 1782 usn
1142 1714 1229 1784 venit
1250 1737 1257 1781 :

469 1834 552 1900 Enn.
572 1830 654 1896 Ann.
673 1828 737 1896 437
759 1829 856 1896 «Nec
870 1825 1051 1916 respirandi
1074 1827 1110 1897 fit
1130 1830 1223 1921 copia
1239 1845 1383 1920 praepete
1401 1835 1499 1919 ferro.
1521 1855 1540 1897 »

424 1946 528 2017 Plani.
545 1945 634 2016 usin.
649 1947 678 2025 1,
694 1947 727 2026 2,
743 1947 784 2012 Ι6
801 1965 819 2009 v
839 1942 873 2012 in
892 1942 1008 2032 pannis
1026 1945 1145 2033 inopie.
1166 1969 1184 2014 e
1205 1929 1297 2017 Curc'.
1319 1951 1360 2030 ΙΙ,
1379 1953 1422 2018 88
1444 1951 1540 2016 «Ve-

424 2062 495 2132 nire
510 2060 631 2153 poteris
648 2053 804 2130 intestinis
823 2057 952 2129 vilius»
977 2092 1010 2118 ε
1032 2058 1074 2130 ob
1100 2061 1251 2132 intestina
1271 2062 1402 2152 putrida
1415 2072 1447 2134 et
1460 2061 1541 2132 deli-

424 2179 502 2248 nita.
524 2181 619 2248 nest.
636 2179 700 2245 ΙΙΙ)
717 2197 734 2242 v
751 2188 852 2246 ueruto
865 2196 931 2247 non
950 2178 1024 2268 quis
1039 2177 1214 2248 obtuerier.
1234 2202 1252 2246 »
1273 2182 1345 2248 Ter.
1368 2182 1447 2250 Hec.
1462 2182 1537 2248 837.

423 2298 529 2365 Heaut
543 2298 620 2363 839.
634 2291 731 2362 Phor.
748 2295 825 2375 887,
846 2293 933 2364 79l.'

468 2416 561 2482 Lucr.
582 2413 610 2493 Ι,
626 2414 690 2480 885
717 2432 735 2476 v
763 2430 988 2502 quaecumque
1012 2425 1164 2482 uetustate
1188 2421 1316 2483 amovet
1333 2420 1470 2481 aetas.»
1501 2415 1537 2494 V,

425 2529 489 2593 ΙΙ6
504 2551 519 2588 a
537 2543 577 2593 ne
596 2522 678 2594 lorte
696 2524 798 2595 rearis
811 2533 914 2595 terras
931 2535 962 2597 et
977 2525 1079 2598 solem
1095 2567 1136 2577 -
1157 2546 1285 2615 corpore
1302 2527 1409 2594 divino
1422 2524 1541 2595 debere

424 2647 554 2710 aeterna
565 2659 697 2712 manere
711 2641 763 2727 (ra-
782 2659 822 2710 eo
839 2641 927 2730 quod
945 2642 985 2712 iis
1000 2643 1041 2713 sit
1055 2663 1174 2734 corpus
1191 2642 1366 2730 divinum).
1383 2644 1436 2722 Vl,
1455 2643 1539 2709 ΙΙΙΙΙ

426 2775 605 2847 «quorum
629 2756 662 2826 si
679 2755 754 2846 quis
773 2756 825 2826 vix
843 2757 958 2829 vitarat
974 2760 1089 2830 lunera
1113 2759 1180 2842 leti
1209 2760 1368 2828 Ulceribus
1395 2759 1484 2827 tetris
1510 2764 1543 2826 et

423 2876 519 2961 niqra
529 2874 673 2962 proluvie
686 2872 749 2943 alvi
760 2874 926 2944 Posterius
943 2884 1051 2945 tamen
1070 2875 1158 2947 hunc
1174 2873 1265 2946 tabes
1285 2873 1454 2963 letumque
1472 2891 1541 2941 rna-

424 2987 533 3060 nebat.
554 2991 612 3072 lll,
633 2993 675 3060 28
695 3011 714 3056 v<
732 2991 792 3058 llis
806 3009 859 3060 me
879 2992 972 3062 retus
989 2991 1098 3062 divina
1118 2990 1268 3080 voluptas
1287 2987 1424 3079 percipit
1444 2997 1541 3078 atque

424 3104 552 3176 horror.
576 3106 628 3192 (ε
644 3123 718 3176 cum
738 3103 818 3174 baec
835 3105 1035 3195 intueor.)-
1053 3106 1160 3177 Tibul.
1180 3109 1223 3189 ΙΙ,
1242 3111 1275 3187 6,
1295 3109 1337 3174 36
1358 3102 1487 3173 clllius
1505 3112 1542 3173 ut

423 3222 524 3288 uerbis
538 3219 583 3290 sis
597 3219 677 3290 mihi
690 3220 778 3292 lenta
792 3229 863 3292 veto
879 3245 897 3290 e
912 3224 969 3311 (=
981 3243 1022 3292 ne
1035 3222 1106 3294 eius
1121 3221 1219 3292 verba
1232 3219 1391 3293 teiacient
1404 3219 1537 3302 lentam,

424 3333 446 3403 i.
467 3353 496 3404 e.
522 3335 780 3425 inexorabilem).
802 3376 843 3388 -
863 3341 959 3427 Prop.
982 3341 1008 3420 Ι,
1029 3342 1084 3420 it,
1107 3342 1126 3406 3
1147 3365 1162 3402 v
1191 3335 1276 3421 Quid
1289 3349 1396 3406 nostro
1423 3337 1541 3424 pensito

425 3451 586 3542 turgentia
598 3451 722 3522 lumina
740 3462 873 3545 torques
889 3457 904 3521 l
920 3477 938 3522 v>
956 3457 1014 3536 ΙΙΙ,
1032 3459 1064 3536 6,
1081 3458 1117 3524 el
1144 3453 1236 3524 «lllc
1250 3461 1358 3543 potest
1371 3451 1463 3522 nullo
1478 3451 1539 3520 mi-

425 3587 531 3638 seram
550 3588 603 3638 me
619 3567 765 3660 linquere
783 3573 899 3658 [octob
920 3594 938 3639 »
958 3571 1016 3659 (=
1033 3569 1095 3641 etsi
1118 3568 1198 3653 nihil
1218 3568 1277 3639 leci
1295 3577 1429 3660 propter
1452 3567 1538 3659 quovl

425 3704 478 3756 me
496 3684 649 3761 miseram
671 3684 822 3776 linquat).
848 3690 890 3770 ΙΙ,
919 3693 960 3757 55
985 3689 1093 3759 «Non
1118 3685 1210 3770 haec,
1228 3689 1345 3769 Roma,
1373 3685 1434 3756 luit
1451 3699 1539 3754 tonte

424 3800 483 3872 tibi
496 3804 560 3872 eice
573 3802 724 3874 verenda.
745 3805 832 3891 »(==
848 3805 927 3874 dum
945 3804 1003 3874 tibi
1022 3813 1132 3875 tantus
1151 3805 1229 3879 civis
1246 3802 1412 3896 praefuit).
1434 3802 1534 3874 Catul.

424 3921 541 4000 xlm
561 3916 633 3986 «ni
648 3925 680 3988 te
698 3917 772 4008 plus
788 3919 891 3990 oculis
909 3920 991 3990 meis
1005 3940 1161 4003 amarem,
1182 3959 1222 3970 -
1235 3940 1364 3990 munera
1378 3920 1438 3988 isto
1451 3917 1538 3988 odis·

424 4053 493 4104 sem
510 4041 542 4104 tc
561 4032 635 4112 odio
658 4033 838 4108 latiniano.
861 4061 876 4098 »
903 4038 956 4124 (τ-
974 4043 1106 4126 propter
1126 4055 1247 4107 munus
1270 4033 1372 4118 istud,
1394 4053 1460 4126 quo
1486 4053 1537 4104 me

425 4149 580 4238 donasti).
600 4153 626 4236 Ι,
658 4154 712 4235 Ι6,
739 4155 759 4220 3
785 4174 804 4222 v
828 4155 896 4224 lam
918 4151 997 4223 caeli
1020 4152 1111 4224 furor
1135 4149 1378 4244 aequinoctialis
1404 4149 1537 4222 iucundi

424 4265 560 4356 Zephyri
573 4265 694 4340 silescit
706 4271 812 4338 auris.
832 4292 849 4336 »

468 4387 549 4454 Tum
577 4382 697 4468 livius,
724 4393 895 4475 poetarum
920 4383 1073 4470 imitator,
1093 4385 1214 4459 multos
1242 4382 1402 4456 eiusmodi
1421 4401 1536 4456 causae

425 4497 594 4584 ablativos,
608 4520 692 4592 quos
709 4501 885 4574 solutiores
902 4499 1052 4585 dixerim,
1074 4501 1253 4593 usurpavit.
1279 4502 1416 4586 llllllVl,
1439 4503 1493 4582 39,
1516 4503 1535 4567 8

427 4612 553 4699 «Quod
563 4618 764 4704 [mclaotimc
777 4616 933 4708 triumphi
948 4616 1216 4720 praetermissum
1227 4624 1325 4694 esset.
1340 4638 1359 4686 »
1376 4618 1430 4702 ΙΙΙ,
1445 4618 1501 4700 ΙΙ,
1515 4618 1535 4683 Ι
