3528 5604
903 708 943 720 ·-
968 673 1079 740 381-

436 853 604 944 usurpavit
615 855 684 936 vn,
695 857 775 922 ⁶296:
792 875 809 919 «
827 865 855 922 te
870 853 969 944 Stygii
984 865 1135 922 tremuere
1146 852 1247 934 lacus,
1262 865 1289 920 te
1301 851 1418 922 ianitor
1429 851 1546 921 Orci.»

437 1009 477 1019 -
499 963 636 1036 Treuero
659 989 732 1038 curn
755 989 860 1038 accus.
888 969 1030 1059 prirnurn
1058 971 1280 1056 angustantes
1298 967 1411 1037 aetatis
1429 975 1547 1056 poetae

435 1093 649 1167 construunt;
675 1093 744 1154 turn
764 1093 796 1154 et
818 1084 925 1154 Livius
944 1089 1040 1164 XXII,
1066 1087 1121 1162 27,
1144 1089 1186 1152 3:
1221 1084 1332 1170 Virque
1361 1103 1398 1153 ao
1422 1103 1548 1151 secures

435 1199 598 1270 [dictatoris
615 1213 743 1268 tremore
761 1208 858 1290 atque
871 1199 1015 1270 horrere.
1035 1222 1052 1266 »

478 1335 544 1400 Hac
562 1329 692 1420 quidem
720 1328 890 1398 accusativi
921 1348 994 1398 curn
1014 1327 1120 1398 verbis
1144 1327 1266 1396 neutris
1299 1326 1414 1397 audaci
1447 1347 1547 1396 cons-

436 1448 606 1530 tructione,
623 1456 776 1537 tanquam
792 1446 923 1538 propria
942 1445 1058 1516 indolis
1078 1456 1164 1532 nota
1181 1454 1294 1536 poetae
1312 1444 1436 1516 classici
1452 1465 1548 1534 prae-

360 1555 363 1561 ’
438 1565 531 1655 cipue
546 1563 800 1654 distinguuntur.
851 1596 857 1608 ·

481 1697 559 1762 Earn
573 1712 649 1762 vero
664 1691 750 1782 apud
764 1692 910 1783 priorum
926 1699 1065 1761 aetatum
1081 1691 1254 1781 scriptores
1269 1712 1374 1761 raranr
1389 1712 1461 1762 esse
1480 1712 1548 1761 non

438 1810 569 1879 rnirurn.
591 1813 678 1878 Tunc
696 1809 783 1878 enirn
807 1829 882 1878 curn
904 1808 1016 1898 lingua
1038 1807 1138 1876 latina
1164 1807 1310 1899 originali
1337 1808 1478 1878 novitate
1497 1829 1550 1878 re-

438 1946 513 1996 cens
532 1932 629 2007 esset,
652 1923 807 1995 vocabula
826 1924 965 1993 nativam
986 1923 1264 2016 significationem,
1291 1932 1442 2015 quaeest
1468 1924 1549 1992 sirn-

439 2041 513 2131 plex
541 2049 573 2110 et
608 2038 850 2130 angustioribus
878 2038 1024 2109 terminis
1059 2039 1316 2130 circumscripta,
1353 2038 1546 2110 retinebant.

438 2163 519 2226 Turn
546 2177 621 2227 vero
647 2156 813 2239 vocabula,
841 2156 938 2227 verba
962 2157 996 2226 in
1016 2156 1142 2246 prirnis,
1169 2177 1240 2226 sese
1261 2155 1416 2247 paulatim
1437 2164 1549 2226 exten-

439 2272 556 2342 derunt
574 2271 720 2362 finesque
739 2273 873 2343 actionis
901 2293 979 2342 suae
998 2282 1213 2363 prorogarunt
1233 2274 1287 2356 ita,
1306 2285 1343 2343 ut
1371 2293 1420 2354 ea,
1451 2292 1546 2363 quae,
1631 2329 1634 2334 .

440 2385 527 2476 quod
547 2386 749 2455 intransitiva
767 2396 887 2471 essent,
910 2406 974 2457 non
994 2407 1067 2457 curn
1094 2387 1218 2458 obiecto
1247 2389 1380 2459 actionis
1400 2396 1550 2478 poterant

440 2501 602 2593 coniungi,
622 2503 655 2570 in
673 2503 871 2572 transitivarn
891 2502 1158 2594 significationem
1179 2504 1353 2573 transirent
1371 2503 1549 2574 obiecturu-

440 2617 552 2708 quein
579 2617 759 2688 accusativo
778 2619 969 2709 reciperent.
992 2623 1037 2688 Ea
1065 2619 1161 2688 verba
1180 2639 1262 2709 quae
1290 2641 1320 2687 v.
1342 2641 1373 2710 g.
1403 2619 1548 2710 corporis

440 2732 586 2802 habitum
601 2732 650 2802 vel
663 2742 789 2801 rnoturn
802 2733 999 2823 exprirnunt,
1013 2753 1077 2823 quo
1091 2733 1183 2823 quasi
1198 2734 1289 2824 signo
1303 2734 1438 2804 interior
1449 2733 1548 2802 animi

438 2848 570 2918 affectus
586 2848 820 2931 manifestatur,
837 2857 953 2919 natura
967 2856 1043 2918 sunt
1056 2848 1270 2932 intransitiva,
1290 2859 1386 2940 atque
1407 2849 1547 2940 antiquis

439 2964 559 3033 Latinis
578 2963 778 3034 intransitive
804 2973 943 3055 usupata
961 2965 1093 3035 suerunt
1108 2965 1154 3035 ita
1170 2974 1207 3035 ut
1225 2965 1360 3036 actionis
1386 2964 1547 3035 obiectum

439 3080 569 3151 nonnisi
582 3101 640 3171 per
651 3081 926 3172 praepositionem
938 3081 989 3151 vel
1003 3081 1220 3152 intercedente
1236 3081 1457 3153 enuntiatione
1474 3075 1551 3151 causs

441 3196 648 3266 saliindicari
663 3205 797 3286 posset:
820 3197 968 3288 Corydon
987 3200 1117 3267 ardebat
1134 3217 1244 3267 arnore
1263 3198 1382 3279 Alexis,
1404 3198 1453 3268 vel
1475 3217 1547 3266 curn

439 3311 568 3381 videbat
585 3312 723 3393 Alexim
741 3315 879 3401 respodeo
900 3333 973 3404 curn
993 3313 1085 3382 video
1105 3312 1209 3382 undas
1228 3320 1410 3404 turgentes3
1435 3317 1548 3400 ector

439 3448 523 3496 raeco
537 3425 611 3496 cinn
626 3427 718 3497 video
732 3428 856 3498 vuitus.
871 3482 879 3498 .
893 3481 902 3497 .
918 3433 1035 3498 Poetae
1048 3448 1136 3510 vero,
1152 3429 1208 3520 qui
1220 3427 1367 3498 brevitati
1382 3428 1548 3520 indulgent

440 3561 622 3633 nervosque
637 3542 774 3612 orationi
789 3544 919 3636 student
933 3543 1062 3626 addere,
1084 3544 1218 3614 verbum
1235 3543 1431 3634 aprirnitiva
1449 3544 1548 3636 signi-

440 3657 587 3728 ficatione
601 3657 787 3728 'deflectunt
818 3668 849 3729 et
881 3661 1099 3750 nretaplrorico
1134 3682 1232 3731 sensu
1264 3683 1338 3730 curn
1369 3663 1547 3733 accusativo

441 3773 587 3863 proxime
601 3784 795 3845 construunt
810 3775 854 3844 ita
871 3800 878 3844 :
896 3781 1118 3846 «Formosum
1133 3785 1245 3867 pastor
1257 3776 1404 3867 Corydon
1420 3779 1549 3846 ardebat

441 3892 564 3959 dietim
581 3913 598 3957 a
633 3890 699 3960 Ecl.
729 3896 769 3973 ΙΙ,
800 3898 844 3960 d:
883 3896 1027 3962 «actites
1051 3913 1131 3964 neve
1163 3897 1362 3962 coherceatur
1389 3894 1510 3964 anticos
1530 3919 1546 3960 »

442 4010 478 4075 Α.
502 4010 569 4088 Vll,
590 4011 666 4075 265.

486 4139 590 4205 Pauca
618 4135 688 4204 eius
707 4136 955 4206 constructionis
983 4139 1131 4228 exempla
1160 4159 1201 4208 ex
1231 4139 1354 4220 Plauto,
1388 4139 1544 4222 Terentio,

444 4254 562 4320 Catone
588 4250 724 4341 proferri
751 4252 940 4342 possuntt).
962 4254 1054 4343 Apud
1077 4253 1251 4344 Vergilium
1272 4274 1361 4337 vero,
1381 4255 1546 4325 Horatiurn

444 4375 632 4456 ceterosque
659 4388 773 4437 aureae
801 4367 912 4437 aetatis
931 4378 1042 4456 poetas
1066 4367 1328 4458 frequentissima
1354 4371 1546 4441 constructio

444 4490 632 4571 usurpatur,
658 4491 689 4552 et
711 4483 750 4552 ad
771 4482 931 4591 perpnuitu
959 4482 1057 4552 verba
1079 4483 1226 4554 refertur.
1249 4489 1337 4555 ‘Turn
1365 4506 1446 4558 usus
1464 4487 1546 4577 apud

412 1159 419 1234 i

472 4689 502 4741 (t)
517 4689 549 4736 Gi.
560 4690 660 4747 Draegen
675 4689 807 4744 Historischs
818 4693 907 4748 syntax,
918 4693 938 4737 11
948 4691 1017 4744 Their,
1028 4693 1038 4749 5
1049 4692 1094 4740 idi.
