3528 5604
692 686 867 752 ..fij-

227 869 309 938 hanc
322 866 460 938 verbalis
479 865 593 936 obiecti
609 865 773 935 notionem
788 872 912 934 coercet
925 873 956 934 et
969 863 1096 933 limitat.
1118 863 1150 932 Si
1165 862 1251 932 enim
1265 862 1336 934 dico

225 986 305 1064 otoo,
328 983 361 1050 in
382 981 480 1051 verbo
506 981 688 1051 continetur
706 980 867 1051 obiectum
886 983 965 1062 vito,
991 999 1056 1050 non
1076 979 1208 1069 quidem
1228 1001 1336 1050 remo·

225 1109 307 1180 tum,
328 1106 364 1166 ut
382 1096 513 1187 quidam
533 1105 658 1186 putant,
680 1096 736 1166 sed
759 1105 871 1167 contra
886 1095 1070 1186 proximum
1089 1105 1121 1164 et
1139 1095 1333 1166 immanens.

226 1213 317 1293 Quod
337 1213 364 1282 si
385 1223 558 1303 quaeratur
577 1207 681 1304 q'ualis
700 1214 764 1282 vita
781 1233 853 1282 mea
875 1213 927 1293 sit,
951 1210 1178 1301 respondeam,
1204 1210 1335 1281 adiecti-

225 1349 301 1396 vum
324 1328 446 1398 addens
465 1349 530 1419 quo
549 1328 763 1418 praedicativa
781 1327 944 1397 interioris
961 1325 1076 1397 obiecti
1095 1327 1184 1397 notio
1198 1325 1335 1418 diligen-

225 1442 289 1514 tius
308 1443 500 1513 deliniatur:
525 1447 598 1514 Vioo
616 1447 716 1513 eitum
735 1445 909 1530 ipoodilem.

268 1558 315 1628 Ad
333 1559 419 1629 hunc
432 1559 604 1630 accusativi
615 1579 713 1629 usum
728 1558 963 1628 relerendaest
983 1577 1021 1628 ea
1039 1557 1235 1628 constructio
1253 1579 1335 1648 quae

220 1697 399 1766 proepooos
418 1684 550 1746 vocatur
563 1679 599 1744 Α.
615 1680 672 1758 ΙΙΙ,
694 1679 758 1744 28l
778 1697 795 1741 «
816 1679 942 1744 Interea
960 1694 1115 1764 magnum
1134 1673 1182 1743 sol
1197 1677 1335 1742 circum-

223 1792 360 1860 volvitur
384 1811 517 1859 conum.
540 1813 608 1857 a:
627 1788 910 1860 Circumvolvendo
933 1809 967 1858 se
989 1807 1111 1858 annum
1130 1788 1237 1859 efficit.
1263 1794 1332 1871 ΙΙΙΙ,

224 1912 311 1976 386:
334 1929 351 1973 r<
367 1906 514 1976 alternos
532 1906 629 1998 longa
642 1910 788 1979 nitentem
808 1905 940 1995 cuspide
958 1926 1094 1992 pressos.
1125 1929 1143 1972 »
1172 1905 1250 1976 Vide
1274 1911 1334 1975 Be-

223 2024 320 2095 noisti
338 2023 447 2095 adnot.
469 2024 509 2092 ad
528 2025 646 2095 locum.
674 2025 719 2093 ΙΙ.
749 2025 817 2094 Val.
837 2024 909 2094 llae.
930 2027 971 2108 ΙΙ,
993 2029 1047 2094 93.
1069 2025 1219 2095 Alternos
1238 2045 1334 2116 aegro

223 2153 421 2209 cuncte-atem
438 2139 559 2229 poplite
573 2159 707 2226 pressus.
726 2145 795 2221 vll,
811 2145 874 2208 283
892 2161 910 2205 «
926 2141 1034 2208 lotum
1047 2142 1179 2227 arestipio
1193 2140 1333 2230 prima.»
1439 2159 1443 2165 ·

223 2259 260 2337 ll,
277 2258 334 2324 33l
357 2277 375 2321 <r
391 2257 530 2324 titoloto
546 2258 687 2343 oestipt‘o.
707 2255 751 2325 ΙΙ.
769 2255 905 2345 Madvig,
925 2259 993 2324 Lat.
1013 2276 1115 2345 gram.
1132 2257 1150 2342 ξ
1165 2258 1241 2338 237,
1259 2257 1313 2325 c‘

266 2455 298 2518 ὅ.
319 2451 500 2520 Postuerta
512 2471 584 2520 eom
599 2452 828 2540 praepositione
852 2453 1034 2539 composito.
1061 2451 1161 2520 llulta
1179 2451 1332 2522 intransi-

223 2565 287 2634 tiva
310 2565 418 2647 verlta‚
442 2566 469 2634 si
504 2586 578 2636 cum
606 2566 845 2656 praepositione
875 2576 1128 2655 componuntur,
1166 2567 1333 2652 transitiva

221 2680 315 2762 fiunt,
336 2689 431 2772 atque
446 2681 518 2774 ideo
544 2681 705 2752 obiectum
722 2682 754 2750 in
773 2702 838 2751 acc.
863 2682 1049 2768 admittunt.
1065 2683 1124 2753 Hic
1143 2703 1218 2754 vere
1238 2704 1332 2754 accu-

222 2795 343 2864 sativus
358 2804 511 2885 tanquam
526 2795 685 2866 obiectum
699 2796 942 2866 transitivorum
960 2796 1133 2867 verborum
1148 2806 1197 2868 est
1210 2798 1333 2868 haben-

221 2909 294 2991 dus,
311 2909 399 2999 quod
418 2930 455 2978 ex
469 2910 637 3004 eoffelucet,
655 2910 742 3000 rpuod
756 2911 911 3000 pleraque
926 2911 1057 2981 illorum
1076 2911 1331 3001 compositorum
1357 2985 1364 3001 ,
1438 2967 1444 2975 .

221 3025 396 3096 verborum
411 3025 574 3115 passivam
589 3026 726 3096 lormam
741 3026 891 3118 induunt.

263 3199 299 3263 Α.
320 3195 424 3264 Verba
442 3194 621 3284 composita
637 3216 711 3264 cum
725 3215 836 3285 praep.
856 3195 1074 3265 accusativum
1094 3206 1236 3288 regente.

263 3311 311 3379 Nil
326 3311 457 3401 quidem
472 3310 591 3379 mirum
617 3311 704 3400 quod
734 3310 813 3380 haec
839 3310 938 3380 verba
963 3320 1037 3401 post
1058 3331 1093 3381 se
1115 3332 1180 3382 acc.
1197 3310 1329 3395 habent,

221 3429 287 3499 sire
302 3429 400 3500 verba
415 3429 573 3520 simplicia
590 3429 661 3520 ipsa
681 3449 738 3519 per
766 3450 800 3499 se
826 3439 952 3500 motum
972 3429 1039 3499 sive
1058 3430 1200 3520 quietem
1225 3431 1332 3520 expri-
1446 3519 1452 3531 ἱ

219 3555 323 3615 munt.

264 3745 297 3809 l⁰
315 3744 385 3810 Ace.
409 3748 483 3830 post
496 3740 594 3809 verba
612 3740 791 3830 composita
809 3748 934 3810 motum
951 3740 1125 3810 indicantia
1140 3760 1205 3811 non
1223 3742 1329 3811 solum

219 3857 305 3946 apud
333 3865 456 3946 poetas
470 3893 473 3928 ;
487 3856 543 3925 sed
570 3856 657 3945 apud
688 3876 800 3926 omnes
826 3856 972 3926 omnium
992 3865 1132 3926 aetatum
1156 3857 1330 3946 scriptores

219 3971 391 4041 invenitur.
412 3971 511 4040 lllulta
532 3980 643 4041 tamen
664 3979 742 4040 sunt
770 3991 853 4061 quae
880 3971 1011 4042 nonnisi
1042 3992 1062 4040 a
1087 3971 1221 4061 poeticis
1239 3971 1287 4040 vel
1312 3992 1331 4040 a

218 4086 453 4177 posterioribus
480 4107 595 4176 prosae
621 4087 775 4157 orationis
800 4087 1011 4176 scriptoribus
1041 4088 1142 4157 activa
1169 4087 1329 4179 significa-

218 4202 305 4272 tione
323 4210 534 4292 usurpantur.
557 4204 649 4293 Apud
665 4203 840 4294 Vergilium
857 4203 935 4273 haec
949 4204 1106 4274 notanda:
1187 4251 1189 4255 -

261 4318 445 4407 Composita
456 4339 529 4388 cum
544 4321 586 4389 od
601 4342 607 4386 :

260 4434 418 4501 Accedere.
437 4437 472 4501 Α.
490 4438 546 4516 ΙΙΙ,
568 4439 631 4503 293
648 4457 665 4500 r<
681 4433 804 4504 Celsum
820 4434 967 4504 Buthroti
985 4436 1161 4505 accedimus
1174 4437 1324 4518 arderem

216 4549 252 4616 l.
282 4553 307 4629 Ι,
336 4553 393 4626 alil
415 4572 422 4616 :
449 4571 467 4615 «
486 4553 549 4619 Vos
569 4558 600 4620 et
620 4549 795 4639 Scyllaeam
815 4553 934 4623 rodiam
953 4550 1147 4640 penitusque
1175 4559 1327 4622 sonantes

215 4666 348 4736 accestis
364 4668 503 4756 scopulos
519 4689 536 4733 a
555 4690 563 4749 ;
586 4671 642 4747 ΙΙΙ,
665 4669 721 4734 ill
746 4689 764 4732 «
782 4667 840 4737 llic
863 4666 920 4736 ubi
938 4666 1063 4739 delatus
1082 4670 1254 4738 Cumaeam
1272 4689 1326 4737 oe-
