3528 5604
929 631 1102 700 ..43-

458 813 689 906 discrepantes,
710 831 782 884 seso
809 819 918 886 umen
938 812 973 885 in
996 832 1036 886 eo
1066 812 1365 900 accommodabant,
1381 814 1470 906 quod
1488 834 1575 906 pure

459 938 491 1001 et
503 934 649 1000 Romane
661 928 751 1019 loqui
770 927 957 1000 studebant.
974 929 1069 1011 Quod
1086 937 1124 1000 ut
1141 938 1405 1022 assequerentur,
1429 929 1573 1020 paulurn

458 1043 760 1116 iiscommutandus
785 1042 846 1114 luit
872 1043 1048 1114 verborum
1065 1043 1158 1127 ordo,
1190 1052 1222 1116 et
1254 1043 1463 1135 grammatica
1488 1043 1575 1116 ratio

458 1161 565 1253 aptius
582 1169 615 1232 et
629 1159 758 1252 plenius
778 1159 989 1240 instituenda.
1010 1159 1047 1231 Id
1067 1169 1153 1231 recte
1169 1161 1281 1252 Cicero
1310 1160 1482 1251 descripsit
1500 1162 1572 1247 (Or.

458 1282 512 1363 70,
529 1280 608 1366 233)
626 1300 633 1346 :
652 1299 670 1344 «
689 1275 723 1346 si
741 1275 877 1346 alicuius
893 1276 1048 1348 inconditi
1068 1276 1210 1368 adripias
1224 1276 1415 1367 dissipatam
1428 1276 1574 1367 aliquam

458 1395 663 1478 sententiam,
697 1413 834 1486 eamque
861 1391 975 1464 ordine
1006 1393 1181 1466 verborum
1206 1394 1342 1485 paulum
1372 1402 1574 1466 commutato

457 1513 490 1584 in
505 1511 666 1604 quadrum
684 1509 823 1602 redigas,
839 1509 997 1580 alliciatur
1012 1519 1125 1602 aptum
1141 1510 1234 1594 illud,
1256 1511 1344 1602 quod
1363 1509 1459 1582 luerit
1477 1519 1576 1582 antea

458 1629 609 1701 diffluens
622 1648 660 1698 ac
678 1628 834 1699 solutum.
862 1651 880 1696 »
904 1632 942 1697 ln
962 1627 995 1699 id
1013 1629 1123 1720 reipsa
1151 1629 1379 1702 Ciceronianae
1394 1637 1426 1700 et
1443 1632 1574 1720 Augus-

457 1743 563 1814 tianae
581 1742 694 1814 aetatis
723 1742 898 1833 scriptores
913 1742 1134 1814 intenderumt
1150 1763 1295 1834 operam,
1312 1752 1349 1814 ut
1366 1743 1412 1827 id,
1431 1743 1519 1834 quod
1538 1742 1573 1812 in

457 1858 598 1951 antiquis
618 1857 831 1948 scriptoribus
850 1842 994 1946 diffluens
1012 1873 1040 1928 et
1053 1861 1198 1930 solutum
1212 1868 1309 1944 esset,
1338 1874 1451 1950 optem
1465 1857 1574 1930 ellico-
1634 1938 1637 1943 ,

457 1980 557 2046 retur.
583 1979 629 2044 lla
641 1981 750 2045 autern
764 1973 825 2044 luit
841 1974 974 2066 propria
993 1974 1154 2046 Ciceronis
1170 1975 1242 2046 laus
1262 1984 1294 2047 et
1320 1975 1463 2068 Vergilii.
1485 1975 1574 2046 Licet

458 2093 545 2164 enim
563 2091 662 2162 latine
680 2090 834 2181 loquendi
848 2111 930 2162 usus
948 2092 982 2161 in
1011 2091 1172 2182 superiori
1201 2099 1316 2176 aetate,
1339 2091 1447 2183 quoad
1466 2091 1574 2182 ipsam

454 2208 587 2308 linguae
619 2215 780 2290 naturam,
809 2206 850 2278 ad
877 2216 979 2278 certas
999 2208 1064 2278 iam
1083 2208 1171 2300 leges
1197 2206 1347 2280 redactus
1363 2209 1416 2292 sit,
1445 2228 1528 2299 quae
1541 2217 1575 2278 et

457 2332 571 2416 postea
587 2323 770 2415 riguerunt,
793 2342 858 2394 non
876 2330 985 2394 tamen
999 2325 1110 2416 negari
1124 2333 1231 2416 potest
1258 2324 1376 2395 latinos
1397 2324 1573 2415 scriptores

458 2440 536 2511 tunc
549 2439 664 2511 maiori
682 2439 847 2530 diligentia
878 2440 911 2509 in
938 2439 1045 2511 verbis
1059 2440 1257 2522 ,adhibendis
1289 2449 1321 2512 et
1339 2441 1574 2532 componendis

358 2619 361 2626 .
458 2579 537 2631 usos
555 2557 668 2643 fuisse,
690 2578 749 2630 neo
767 2558 871 2628 ullum
886 2557 1022 2630 verbum
1044 2558 1192 2628 ¹ullamve
1210 2557 1384 2630 verborum
1411 2558 1574 2649 composi-

457 2676 579 2749 tionem
595 2673 629 2745 in
644 2695 722 2746 suos
736 2673 819 2747 fines
836 2674 998 2766 recepisse
1011 2674 1091 2766 quin
1110 2675 1203 2765 prius
1220 2693 1330 2757 aurea,
1345 2682 1382 2744 ut
1395 2674 1440 2744 ita
1453 2674 1570 2756 dicam,

458 2791 541 2862 libra
554 2787 796 2881 perpenderint,
815 2797 852 2860 ut
869 2790 972 2861 oratio
988 2810 1072 2881 quae
1086 2790 1151 2860 iam
1172 2799 1246 2862 ante
1261 2789 1432 2862 emendata
1450 2799 1482 2862 et
1500 2791 1573 2861 lati-

458 2915 593 2992 nacrat,
611 2915 689 2976 tunc
716 2914 830 2977 ornata
854 2914 887 2976 et
917 2906 1011 2997 quasi
1046 2909 1194 2978 Romana
1211 2906 1412 2978 humanitate
1431 2906 1573 2978 colorata

458 3023 607 3096 nitescat.

501 3138 594 3230 Apud
608 3137 794 3209 Ciceronem
808 3136 919 3228 lingua
935 3135 1066 3209 tandem
1083 3136 1211 3208 firmata
1228 3146 1260 3209 et
1275 3138 1416 3209 stabilita
1431 3139 1570 3221 exsistit,

458 3256 537 3349 quin
551 3263 583 3327 et
596 3275 671 3326 vere
693 3254 830 3326 dixerim
845 3274 917 3326 eam
933 3255 973 3326 ab
988 3255 1045 3327 illo
1066 3263 1224 3326 sacratam
1243 3254 1356 3326 fuisse.
1373 3259 1473 3327 Nemo
1485 3257 1570 3326 enim

457 3374 624 3442 Romanus
638 3390 740 3461 aeque
755 3370 921 3462 ingenium
935 3371 1066 3464 linguae
1081 3370 1246 3462 perspexit
1262 3380 1294 3442 et
1306 3371 1347 3441 ad
1364 3391 1424 3442 sua
1435 3371 1572 3464 cogitata

457 3484 722 3558 accommodavit.
737 3485 879 3578 Linguae
898 3487 1010 3558 ditavit
1032 3495 1268 3577 paupertatem,
1291 3506 1375 3558 nova
1397 3488 1495 3559 verba
1522 3487 1570 3558 vel

377 3667 378 3670 ,
457 3621 602 3695 agraeoo
618 3621 768 3673 somnone
787 3601 932 3687 adscivit,
949 3602 1000 3674 rel
1026 3623 1110 3674 nova
1135 3603 1260 3674 ratione
1285 3609 1434 3674 concreta
1458 3602 1567 3685 edidit,

457 3717 527 3789 iure
545 3727 654 3788 tamcn
669 3716 725 3788 illo
741 3737 824 3790 nova
840 3717 983 3810 fingendi
1002 3719 1168 3790 moderate
1182 3738 1282 3790 usus:
1305 3718 1352 3788 ld
1376 3721 1569 3790 Graecorum

457 3833 661 3925 disciplinam
684 3833 889 3918 informatus
922 3833 1096 3906 verborum
1126 3833 1379 3925 compositiones
1408 3843 1440 3904 et
1471 3835 1568 3906 tetius

456 3951 615 4024 ambitum
635 3953 790 4024 orationis
809 3961 841 4024 et
856 3952 1124 4044 complexionem
1139 3953 1184 4023 ita
1197 3952 1339 4044 perlecta
1353 3952 1478 4024 ratione
1503 3953 1568 4022 ins-

456 4065 554 4150 tituit,
576 4074 614 4136 ut
627 4087 723 4137 nemo
742 4066 825 4138 alius
842 4066 905 4157 ipsi
923 4065 1162 4158 comparandus
1176 4065 1334 4137 videatur.
1617 4155 1619 4160 ,

499 4181 593 4265 Quod
607 4192 716 4254 autem
730 4183 770 4253 de
785 4183 946 4267 Ciceronis
959 4183 1226 4274 prosaoratione,
1244 4181 1277 4254 id
1291 4181 1332 4254 de
1350 4181 1481 4274 Vergilii
1493 4202 1568 4274 poe-

456 4298 518 4370 tica
537 4299 719 4372 elocutione
737 4300 990 4391 praedicandum
1010 4309 1071 4371 est.
1088 4299 1181 4390 Apud
1205 4299 1382 4392 Vergilium
1396 4299 1483 4372 enim
1499 4319 1566 4370 eam

457 4413 601 4486 invenies
628 4435 744 4506 puram
765 4424 796 4486 et
822 4435 932 4486 reram
950 4414 1153 4498 latinitatem,
1170 4413 1210 4485 de
1229 4435 1294 4507 qna
1312 4414 1501 4486 Cornificius
1516 4415 1566 4504 (od

456 4532 598 4600 Herenn.
616 4533 648 4615 l,
667 4529 839 4620 l2)‚dicit:
862 4553 880 4599 «
900 4530 1054 4602 Latinitas
1072 4539 1122 4603 est
1142 4529 1225 4621 quae
1247 4550 1432 4602 sermonem
1449 4531 1566 4622 purum
1591 4557 1592 4562 ¹

456 4655 638 4729 conservat,
659 4645 699 4717 ab
714 4645 803 4718 omni
830 4645 907 4718 vitio
933 4653 1108 4718 remotum.
1131 4667 1150 4715 r
1177 4647 1265 4718 Inter
1291 4645 1367 4719 illos
1395 4645 1565 4736 scriptores
