3490 5604
699 655 892 724 -lsl-

246 844 434 929 agnoscunt,
448 835 503 908 alii
515 845 667 910 enatura.
681 855 755 908 cum
773 835 902 929 linguae
920 833 1037 906 latinae
1053 841 1123 906 tum
1141 853 1235 906 casus
1249 833 1347 907 dativi

223 965 229 990 ³
246 955 333 1026 hunc
343 977 440 1028 usum
455 976 520 1027 non
535 976 607 1028 esse
620 955 761 1028 alienum
775 953 986 1026 contendunt.
1002 957 1110 1044 Neque
1124 951 1252 1036 iniuria,
1273 973 1346 1024 cum

247 1067 561 1161 dativuspraecipue
581 1069 623 1140 sit
641 1087 735 1139 casus
752 1065 929 1138 relationis.
956 1067 1146 1156 Quanquam
1172 1084 1237 1135 non
1264 1085 1346 1158 nego

246 1185 341 1255 etiam
373 1188 566 1256 Graecorum
601 1183 771 1255 imitationi
801 1182 834 1252 in
864 1178 1156 1254 constructionibus
1188 1178 1348 1250 eiusmodi

247 1300 442 1392 explicandis
456 1300 577 1392 aliquid
591 1320 663 1373 esse
675 1299 895 1370 tribuendum.
910 1303 955 1370 De
968 1299 1091 1370 ratione
1103 1296 1347 1368 eiusconstruc·

246 1415 355 1500 tionis,
376 1436 441 1508 qua
471 1424 585 1508 poetae
613 1414 720 1486 uerbis
743 1416 922 1504 poqooodi,
944 1415 1085 1483 certandi
1123 1410 1348 1502 similibusque

246 1553 342 1626 saepe
360 1532 503 1604 dativum
530 1533 704 1612 subiciunt,
723 1539 808 1603 recte
823 1538 934 1602 monet
954 1528 1217 1620 billenburgerus
1236 1535 1347 1619 poetas

246 1653 410 1724 brevitatis
439 1651 650 1744 etgravitatis
669 1651 787 1733 studio,
805 1671 846 1722 ne
862 1649 1014 1744 languida
1031 1649 1148 1741 aliqua'
1166 1657 1197 1720 et
1210 1650 1347 1721 molesta.
1380 1632 1385 1644 ⁴

245 1788 329 1858 opus
342 1768 384 1837 sit
409 1767 657 1858 praepositione,
684 1765 789 1837 dativo
808 1765 960 1835 lavere.»
991 1764 1109 1835 Eadem
1124 1764 1293 1856 explicatio
1307 1764 1348 1835 de

246 1883 426 1954 accusativo
442 1903 515 1953 cum
531 1882 637 1953 verbis
656 1894 764 1953 motus
783 1881 904 1952 omissa
927 1881 1166 1974 praepositione
1184 1881 1279 1951 valet.
1298 1880 1344 1950 Cl.

221 2041 223 2048 ,
246 2019 328 2091 quae
342 1999 382 2070 de
400 2018 439 2069 ea
456 2018 491 2068 re
508 1996 722 2086 disseruimus
740 1996 774 2066 in
789 1995 892 2087 capite
905 1997 949 2063 De
966 1997 1157 2078 occosottoo,
1178 1997 1196 2084 ξ
1215 2000 1246 2063 5.
1263 1998 1348 2064 Haec

246 2117 332 2188 enim
347 2113 583 2206 Dillenburgeri
604 2114 749 2186 doctrine
762 2133 836 2206 cupi
855 2133 893 2184 ea
906 2134 1003 2205 quam
1018 2113 1058 2184 de
1071 2113 1347 2205 praepositionum

245 2231 367 2324 origine
381 2238 413 2301 et
440 2249 505 2300 usu
523 2228 633 2319 paucis
650 2227 757 2300 verbis
774 2227 995 2319 exposuimus,
1024 2229 1156 2299 omnino
1186 2227 1345 2320 congruit.

246 2349 373 2416 Certum
396 2352 445 2415 est
475 2342 515 2412 ab
542 2343 664 2434 origine
693 2342 799 2413 nullas
827 2342 927 2414 inisse
957 2343 1212 2435 praepositiones
1243 2350 1275 2414 et
1305 2341 1346 2412 ad

245 2460 415 2533 relationes
445 2457 669 2552 exprimendas
706 2478 840 2528 casuum
876 2459 1040 2531 flectiones
1077 2458 1253 2530 suffecisse.
1297 2457 1346 2528 Nil

245 2575 342 2668 igitur
365 2574 484 2646 mirum
502 2583 614 2666 poetas
628 2593 693 2644 non
720 2573 817 2644 modo
833 2571 1009 2658 breuitatis,
1026 2573 1083 2644 sed
1101 2581 1133 2644 et
1148 2573 1347 2664 antiquitatis

247 2691 352 2762 studio
371 2689 639 2782 praepositiones,
674 2687 793 2779 quibus
821 2687 975 2760 tardatur·
1000 2688 1114 2772 oratio,
1147 2688 1297 2776 omisisse
1316 2697 1348 2759 et

246 2806 424 2899 simplicem
448 2805 590 2876 dativum
613 2803 816 2896 praetulisse.

260 2959 263 2966 ·
288 2927 436 2994 Cartare:
462 2925 498 2990 ll.
529 2925 566 3004 V,
589 2925 645 2989 8«
664 2919 827 2991 Montibus
850 2922 883 2990 in
906 2921 1025 2992 nostris
1056 2922 1144 2993 solus
1173 2923 1229 2991 tibi
1256 2934 1347 2991 carte

245 3043 408 3131 Amyntas.
430 3062 448 3108 »
472 3043 555 3122 VIII,
582 3042 623 3109 cl
645 3042 802 3109 «certem
820 3047 852 3108 et
878 3040 982 3126 apanis
1000 3039 1119 3110 ululae.
1143 3063 1161 3108 a
1182 3043 1219 3108 G.
1240 3043 1284 3121 ΙΙ,
1304 3043 1347 3106 99

246 3154 466 3246 «Argitisque
483 3155 601 3238 minor,
624 3157 677 3224 coi
699 3175 765 3226 non
798 3156 963 3224 certaverit
987 3154 1054 3224 ulla
1069 3157 1131 3226 Aut
1158 3155 1260 3226 fluere
1292 3161 1348 3224 ant

244 3270 378 3342 totidem
395 3270 511 3341 durare
540 3289 599 3362 per
617 3283 735 3341 annos.
764 3269 861 3340 »Hic
891 3268 1143 3342 animadvertam
1172 3269 1346 3361 Vergilium

245 3386 384 3458 Ennium
402 3387 649 3478 Lucretiumque
667 3386 783 3456 imitari
802 3386 835 3455 in
851 3385 950 3458 uerbo
968 3401 1086 3457 certare
1106 3409 1179 3458 cum
1199 3390 1346 3480 sequenti

244 3499 400 3572 infinitivo
416 3500 643 3572 construendo.
663 3504 708 3569 lle
725 3499 919 3570 constructio
942 3508 1019 3571 tunc
1046 3503 1186 3593 primum
1207 3525 1226 3573 a
1243 3505 1346 3577 Plinio

245 3617 416 3708 Curtioque
444 3619 476 3688 in
504 3639 635 3709 prosam
661 3616 839 3688 orationem
869 3617 1050 3689 introducta
1078 3628 1138 3690 est.
1160 3623 1198 3691 G.
1223 3626 1267 3703 ll,
1283 3627 1345 3692 l38

246 3755 265 3802 «
284 3724 454 3804 Laudibus
466 3735 575 3805 ltaliae
593 3729 718 3804 certent.
738 3756 756 3800 »

288 3856 435 3940 Poqoore
453 3876 461 3921 :
480 3855 516 3922 Α.
537 3857 589 3935 Ill,
607 3857 648 3922 38
668 3874 686 3918 «
701 3850 860 3940 placitone
873 3852 969 3923 etiem
1000 3856 1155 3942 poqoobis
1174 3858 1344 3926 amorii»

177 4045 180 4052 Ι
246 3969 281 4036 l.
296 3972 349 4050 ΙΙΙ,
372 3972 473 4037 600«
494 3989 598 4059 equus
616 3966 739 4059 pressis
749 3982 873 4056 poqoot
890 3971 1028 4038 boemis.
1052 3993 1070 4037 n

290 4086 493 4153 Contendere:
511 4088 548 4154 G.
566 4089 608 4167 ΙΙ,
629 4090 670 4156 96
688 4092 782 4160 «Nec
800 4085 883 4156 celtis
897 4084 969 4156 ideo
987 4089 1129 4156 contende
1147 4087 1300 4159 Falernis.
1326 4111 1345 4156 x

246 4202 430 4271 Contradico
447 4221 520 4270 com
530 4203 636 4289 aliquo
648 4205 684 4271 l.
700 4206 752 4285 Ill,
769 4208 831 4272 loc
847 4229 861 4266 u
878 4203 939 4271 alut
951 4213 1051 4270 tecam
1064 4202 1153 4272 malit
1169 4207 1347 4273 contendere

247 4312 343 4385 bello.
361 4337 379 4381 »
407 4317 592 4386 Contendere
609 4330 720 4387 contro
737 4320 772 4386 Α.
806 4321 843 4398 V,
872 4319 972 4385 370«
998 4315 1093 4386 Solus
1117 4318 1172 4407 qui
1199 4319 1346 4390 Paridem

247 4427 360 4499 solitus
373 4433 551 4500 comendare
564 4445 686 4502 contro.
704 4453 723 4498 >r

290 4545 335 4614 Gi.
349 4547 449 4616 Catul.
466 4551 560 4630 LXII,
581 4552 622 4617 64
642 4570 660 4615 «
678 4546 748 4618 lloli
763 4566 908 4638 pcqoore
926 4549 1057 4616 duobos.
1081 4571 1099 4616 a
1118 4552 1197 4621 Hor.
1225 4549 1284 4620 od.
1302 4553 1344 4633 ll,

247 4639 280 4742 o,
313 4665 353 4730 ld
388 4684 406 4730 a
438 4661 594 4754 viridique
626 4675 725 4740 ceram
754 4661 1018 4736 baccarenalm.
1044 4689 1060 4726 a
1087 4665 1189 4756 Epod.
1220 4669 1273 4748 lli,
1304 4671 1344 4738 t8
