3528 5604
710 681 887 754 ,,,,,

255 861 450 942 acumenti
465 880 569 953 gedue
593 823 765 952 umetipue
785 862 825 940 in
846 861 970 954 vulgari
984 869 1018 936 et
1035 861 1220 953 quotidiana
1234 861 1346 962 'lingua

256 983 431 1066 usurpatur
444 995 502 1066 per
515 975 758 1067 neglegentiam,
777 975 863 1054 unde
879 975 915 1052 lit
927 983 964 1046 ut
977 983 1044 1048 tam
1061 975 1247 1072 frequenter.
1259 973 1348 1064 apud

256 1089 394 1170 comicos
412 1099 568 1168 occurrat.
585 1096 673 1166 Tunc
686 1091 874 1182 praesertim
891 1090 1070 1174 adhibetur,
1088 1111 1160 1162 cum
1174 1109 1292 1164 nomen
1308 1089 1348 1160 ad
1457 1123 1464 1143 ν

257 1204 379 1275 relativi
396 1225 505 1275 casum
525 1214 693 1275 attractum
709 1205 742 1274 in
761 1205 957 1278 nominative
983 1205 1034 1276 vel
1059 1204 1237 1276 accusativo
1264 1213 1349 1278 stare

256 1319 397 1393 deberet.
415 1319 508 1412 Apud
521 1323 657 1393 Graecos
671 1329 720 1390 est
735 1341 799 1393 usu
811 1320 1070 1411 frequentissima
1083 1339 1142 1392 nec
1159 1311 1212 1416 ab
1218 1318 1348 1411 optimis

256 1451 372 1523 prosae
389 1433 542 1512 orationis
570 1431 780 1524 scriptoribus
806 1432 920 1504 aliena.
951 1433 996 1514 ΙΙ.
1024 1423 1097 1528 Lys'.
1131 1436 1211 1524 ΙΙΙΙΙ,
1228 1437 1270 1502 ΙΙ
1296 1449 1352 1512 τὴν,

257 1564 368 1620 οὐσίαν
386 1561 421 1624 ἣν
441 1562 556 1620 aurelius
565 1569 601 1620 τῶ
610 1562 669 1630 vitri,
683 1562 830 1628 οὐπλείονος
850 1561 923 1629 ἀξία
943 1562 1008 1620 ἐστί.
1030 1548 1075 1618 Cf.
1096 1548 1249 1628 Kslhllffl':
1269 1550 1352 1617 ΑΙΙὸ-Ι

257 1660 390 1735 litslidre
415 1661 614 1735 Grammatik
640 1660 699 1731 dev
714 1659 832 1751 griech.
854 1661 974 1752 Sprach
991 1665 1033 1745 ΙΙ,
1054 1663 1071 1750 §
1093 1666 1169 1744 455,
1184 1665 1223 1744 Ι,
1249 1668 1282 1731 5.
1304 1661 1349 1730 el.

258 1779 331 1847 Sen.
353 1781 447 1848 Herc.
467 1780 540 1870 Oet
552 1780 616 1858 ΙΙΙ)
636 1798 654 1846 u
674 1779 768 1846 Heec
789 1797 879 1863 qoem
897 1797 955 1867 per
970 1777 1068 1848 urbes
1086 1776 1132 1862 ire
1151 1775 1355 1867 praeclarum

257 1893 356 1978 vides,
373 1893 453 1964 levis
471 1901 531 1964 est.
550 1915 568 1961 »
586 1898 714 1964 Petron.
736 1911 764 1962 c.
787 1897 850 1966 tet
877 1898 998 1966 «tenc
1022 1897 1239 1966 adolescentem
1262 1915 1354 1982 quem

258 2007 346 2085 vides
368 2008 454 2081 malo
464 2016 555 2088 ,asmo
572 2013 746 2080 natusest.
763 2029 781 2075 n
807 2081 809 2088 ,

301 2141 381 2208 Vera
394 2145 500 2210 autem
518 2146 552 2208 et
568 2137 661 2210 solita
674 2140 819 2212 attractio
831 2147 882 2210 est
895 2159 959 2230 qua
970 2159 1088 2210 nomen
1107 2139 1194 2230 quod
1213 2139 1246 2209 in
1260 2159 1356 2210 accu-.

259 2255 359 2327 sativo
376 2255 426 2325 vel
443 2255 477 2326 in
493 2255 601 2328 dativo
616 2265 769 2349 unquam
787 2257 947 2329 obiectum
962 2255 1051 2327 verbi
1070 2257 1146 2348 poni
1163 2245 1305 2340 deberet,
1321 2256 1355 2325 in

258 2368 454 2440 nominativo
472 2389 531 2460 per
548 2369 672 2441 relativi
690 2371 908 2442 attractionem
922 2369 1064 2461 ponitur.
1084 2372 1125 2442 lt
1136 2374 1163 2452 1,
1179 2375 1221 2440 72
1237 2393 1261 2438 u
1271 2373 1356 2451 Quae

259 2507 331 2558 rum
349 2505 431 2578 quiae
448 2485 552 2558 forma
576 2487 792 2579 pulcherrima
810 2488 952 2576 Deiopea,
974 2486 1124 2558 Conubia
1139 2487 1271 2579 iungam
1289 2495 1355 2557 sta-

258 2600 315 2671 bili
342 2600 570 2693 propriamque
598 2602 763 2674 dicabo.»
793 2606 829 2672 d.
854 2606 911 2685 ΙΙΙ,
933 2607 975 2673 28
1001 2597 1024 2669 ‘c
1047 2605 1125 2672 Nam
1149 2623 1229 2690 poue
1251 2602 1358 2693 prima

259 2717 328 2788 solo
344 2716 627 2808 ruptisradicibus
644 2721 735 2788 orbes
753 2718 898 2800 llellitur,
916 2716 991 2790 huic
1006 2726 1076 2789 atro
1093 2717 1262 2808 liquuntur
1280 2738 1355 2787 san-

259 2831 355 2924 guine
377 2841 531 2924 guttae.»
552 2835 594 2915 ΙΙ,
615 2837 710 2905 tte«
733 2834 840 2904 Persi
862 2853 927 2922 pce
942 2841 1000 2902 est
1025 2852 1108 2923 quae
1132 2841 1230 2904 restet
1250 2832 1357 2902 adhuc

259 2947 450 3018 nortatibus
466 2947 570 3039 aegris
586 2953 778 3020 intemerata
794 2950 878 3038 tides.
897 2971 914 3016 n
964 2985 968 2990 .

302 3079 339 3146 ln
356 3095 396 3148 ea
410 3077 595 3148 attractione
612 3076 714 3148 multa
730 3077 888 3150 sermonis
904 3075 1060 3168 elegantia
1079 3075 1208 3148 residet.

358 3539 478 3625 §ea-
494 3542 701 3614 meinerus
723 3559 780 3610 run
799 3556 1018 3620 nenosvrvenan
1033 3554 1254 3608 coumnucrus.

304 3856 363 3926 llic
387 3857 480 3928 liceat
507 3858 696 3940 sententiam
721 3857 927 3950 Coningtonis
946 3856 985 3961 de
1013 3855 1152 3947 quodam
1178 3855 1356 3926 accusativo

262 3988 320 4060 per
346 3969 578 4061 appositionem
597 3979 779 4042 constructo
798 3969 953 4060 prolerre,
974 3969 1015 4039 ad
1034 3972 1069 4039 d.
1087 3973 1139 4050 ΙΙΙ,
1161 3973 1228 4039 223
1248 3988 1356 4059 «pars

263 4081 382 4173 ingenti
402 4082 529 4154 subiere
542 4082 671 4166 feretro,
697 4086 794 4152 Triste
812 4087 1033 4155 ministerium.
1052 4109 1070 4154 »
1089 4090 1201 4158 Censet
1214 4087 1262 4156 vir
1281 4087 1357 4157 dcc-

133 4189 135 4192 ’
263 4195 407 4274 tissimus
431 4200 520 4270 triste
545 4201 756 4272 ministerium
782 4218 847 4270 non
866 4219 950 4284 esse,
975 4210 1010 4272 ut
1026 4201 1150 4291 lleynio
1171 4201 1285 4292 placet,
1306 4201 1356 4270 in-

263 4311 491 4394 teriectionem,
512 4313 569 4384 sed
587 4321 743 4404 vcognatae
763 4312 1003 4404 significationis
1033 4315 1094 4398 vel,
1120 4323 1157 4386 ut
1180 4320 1358 4406 Draegerus

263 4435 364 4510 vocat,
385 4426 545 4498 verbalem
569 4427 784 4512 accusativum
803 4428 919 4506 actioni
938 4429 1026 4502 verbi
1044 4449 1102 4521 per
1123 4431 1357 4520 appositionem

263 4537 481 4610 subiumtum.
499 4540 596 4618 tucn
609 4540 691 4612 hanc
704 4541 974 4622 constructionem
989 4542 1091 4622 multo
1105 4543 1260 4616 rariorem
1272 4545 1357 4636 apud

262 4653 389 4730 Latinos
402 4673 475 4726 esse
491 4675 589 4747 quam
603 4656 689 4746 apud
703 4658 851 4732 Graecos.
866 4656 1057 4749 Forbigerus
1070 4677 1157 4742 vero,
1167 4663 1355 4751 Wagnerus,
