3540 5612
897 670 1094 739 ..236-

449 871 548 944 supra
573 849 724 936 vidimus,
742 851 782 922 ad
811 851 986 924 ablativum
1004 860 1060 924 aut
1078 847 1246 944 temporis,
1270 862 1327 924 aut
1348 873 1476 939 causae,
1496 861 1559 926 atat

449 969 536 1040 modi
554 976 611 1040 aut
635 967 798 1059 qualitatis
815 977 872 1041 aut
888 969 1029 1061 deniqne
1048 969 1201 1040 materiae
1219 970 1302 1041 solet
1319 971 1442 1042 relerri.
1468 971 1556 1054 Quin

449 1092 493 1168 et,
522 1091 619 1175 prout
647 1084 804 1156 enuntiati
832 1086 1044 1169 sensualem,
1074 1085 1234 1157 ablativus
1259 1085 1428 1157 absolutus
1447 1087 1558 1178 reipsa

449 1200 607 1273 ablativus
629 1219 757 1283 oausae,
785 1200 1003 1285 instrumenti,
1029 1197 1203 1293 qualitatis,
1233 1201 1321 1273 modi
1347 1211 1380 1272 et
1401 1203 1557 1274 materiae

447 1325 511 1392 est.
529 1315 681 1388 Perlaoile
697 1325 748 1388 est
766 1316 911 1409 singulos
926 1316 1082 1389 ablativos
1099 1317 1266 1389 absolutos
1280 1317 1320 1388 ad
1336 1313 1433 1388 sulum
1451 1337 1557 1409 genus

451 1451 612 1504 revocare.
634 1437 745 1524 ltaque
767 1453 834 1505 nnn
854 1431 989 1512 mihtin
1013 1453 1051 1504 ea
1067 1451 1102 1504 re
1120 1433 1359 1504 immorandum
1379 1452 1451 1504 esse
1469 1430 1557 1503 evis-

451 1546 542 1618 timo.

495 1668 617 1736 Paneas
640 1672 765 1734 tantum
784 1664 946 1755 proteram
965 1665 1065 1748 loona,
1093 1657 1150 1734 ubi
1168 1665 1297 1736 ablativi
1316 1653 1456 1735 absoluti
1475 1683 1557 1734 usus

452 1787 530 1883 nota
548 1780 665 1872 dignus
692 1779 829 1850 videtur.
850 1783 886 1850 l.
907 1785 934 1863 1,
962 1783 1063 1850 737«
1083 1779 1266 1872 Primaque,
1289 1784 1395 1862 libolo,
1426 1800 1556 1851 summo

448 1903 548 1966 tenus
562 1894 665 1986 attigit
673 1914 740 1967 ore.
756 1893 950 1966 »ablativus
964 1895 1016 1966 bio
1027 1903 1078 1966 est
1090 1896 1203 1986 partio.
1219 1896 1350 1987 perlecti
1363 1895 1485 1986 passivi
1500 1895 1557 1964 ab·

453 2011 558 2083 solute
570 2010 679 2103 positi,
693 2020 726 2082 et
739 2011 824 2082 idem
836 2010 921 2083 valet
933 2018 1045 2102 atque:
1059 2025 1226 2102 postquam
1238 2013 1359 2080 ttboott.
1376 2001 1495 2080 Eadem
1507 2018 1558 2080 est

414 2133 416 2138 '
454 2127 488 2197 in
506 2147 619 2219 graeca
638 2126 748 2217 lingua
767 2127 903 2218 genetivi
921 2125 1061 2197 absoluti
1081 2126 1162 2197 ratio
1180 2150 1187 2196 :
1208 2139 1365 2208 aetutem,
1388 2140 1580 2216 appeltam„

459 2269 498 2294 =
511 2261 585 2311 oum
604 2243 831 2323 monstratum,
852 2239 1034 2310 nuntiatum
1054 2247 1151 2310 esset.
1171 2243 1240 2310 Hoe
1258 2239 1464 2330 participium
1483 2257 1560 2328 per-

456 2355 529 2426 leoti
547 2355 678 2447 passivi,
697 2375 771 2426 oum
791 2355 836 2426 sio
854 2356 960 2426 solum
974 2354 1144 2426 adhibetur
1162 2355 1232 2425 sine
1248 2355 1441 2446 completiva
1454 2373 1560 2424 enun-

457 2471 600 2553 tiatione,
617 2480 666 2542 est
684 2470 815 2562 proprie
832 2465 990 2542 ablativus
1008 2470 1190 2552 absolutae,
1205 2479 1237 2540 et
1250 2468 1467 2541 adverbialem
1485 2489 1560 2539 sen·
1594 2543 1598 2548 ,

457 2606 529 2657 sum
544 2586 669 2677 aooipit.
689 2586 740 2656 Sio
754 2590 829 2658 Cato
844 2587 930 2677 apud
944 2591 1032 2657 Serv.
1050 2587 1090 2658 ad
1105 2592 1199 2678 Verg.
1215 2590 1251 2656 Α.
1270 2590 1328 2669 ΙΙΙ,
1349 2589 1411 2654 att
1428 2608 1447 2652 «
1463 2583 1561 2655 verba

457 2705 582 2774 tertiato
604 2711 636 2774 et
653 2715 801 2792 quortoto
819 2703 925 2775 dioere
945 2726 963 2772 u
984 2728 1021 2754 =
1037 2709 1086 2774 ter
1114 2704 1162 2773 vel
1187 2690 1300 2793 quater
1323 2701 1421 2772 verba
1444 2701 1561 2771 iterare

457 2818 480 2889 i.
497 2839 527 2891 e.
547 2818 719 2890 balbutire.
1243 2805 1246 2810 ’

500 2939 537 3005 Α.
553 2938 595 3017 ΙΙ,
612 2937 674 3004 len
691 2935 896 3024 «Composito
913 2933 1034 3025 rumpit
1048 2952 1158 3004 vooem
1175 2942 1207 3004 et
1219 2920 1272 3004 me
1285 2932 1425 3004 destinat
1440 2915 1525 3002 arae.
1542 2956 1560 3000 »

408 3140 410 3145 ,
458 3058 539 3122 Tum
556 3059 590 3121 et
605 3047 761 3122 adieetiva
778 3045 924 3122 neutrius
943 3050 1070 3142 generis
1088 3049 1201 3120 eadem
1220 3050 1344 3121 ratione
1364 3031 1562 3150 construun-

458 3176 523 3237 tnr.
541 3171 578 3249 V,
600 3169 663 3237 ter
682 3189 700 3234 «
724 3169 906 3255 Tranquillo
923 3166 1006 3250 silet,
1028 3165 1226 3256 immotaque
1250 3164 1407 3246 attollitur
1423 3164 1522 3234 unda.
1541 3185 1561 3231 a

459 3284 631 3371 Composito
649 3284 700 3369 (ut
717 3302 791 3353 oum
805 3283 919 3372 Ulysse
933 3281 1147 3372 compositum
1161 3283 1242 3368 erat)
1260 3300 1319 3371 pro
1337 3279 1506 3350 usitatiore
1521 3301 1564 3348 ue

461 3398 625 3485 composito
641 3396 721 3483 (Liv.
737 3402 774 3480 V,
792 3402 823 3480 l,
840 3403 872 3468 2.
890 3399 1024 3480 ΙΙΧΙΙΙΙΙ,
1040 3399 1111 3485 ab.)
1128 3396 1176 3466 vel
1191 3400 1227 3464 ote
1241 3398 1405 3485 ooutposito
1420 3396 1558 3486 (Apulei.

462 3512 553 3602 Apol.
569 3516 595 3581 Ι.
610 3511 685 3600 in).
699 3511 774 3584 Sine
787 3512 1024 3604 praepositione
1036 3513 1153 3604 legitur
1164 3511 1260 3582 etiam
1273 3515 1329 3602 Ap.
1344 3516 1416 3581 ler.
1428 3509 1561 3582 Pborm.

463 3631 500 3709 V,
523 3631 555 3707 l,
575 3631 617 3696 29
631 3634 663 3695 et
680 3631 759 3718 Nep.
779 3632 849 3698 bat.
870 3634 903 3710 6,
922 3633 954 3696 6.
976 3650 994 3695 »
1015 3627 1172 3720 (Forbig.)
1191 3627 1299 3698 livius
1315 3609 1398 3698 bano
1416 3627 1564 3698 adieetivi

463 3741 608 3812 neutrius
637 3741 764 3834 generis
791 3733 1061 3814 construetionem
1080 3743 1113 3812 in
1142 3741 1280 3814 ablativo
1311 3741 1455 3812 imitatus
1485 3749 1560 3812 est:

464 3861 574 3942 ΙΙΧΧΙ,
594 3863 647 3942 ta,
663 3863 683 3928 5
697 3881 714 3926 o
730 3858 872 3930 Priverni
889 3881 993 3930 sueno
1012 3880 1070 3950 per
1083 3859 1168 3930 diem
1186 3866 1290 3930 totum
1306 3859 1442 3928 rubrum
1461 3857 1564 3928 solem

466 3974 565 4045 luisse
583 3984 643 4045 eto.
661 3997 680 4043 t>
700 3971 782 4046 lbid.
801 3981 854 4058 23,
874 3979 894 4044 l
915 4003 930 4041 o
949 3975 1121 4064 troopottto
1141 3981 1309 4066 perventus
1327 3963 1521 4045 Chalcidem.
1543 3996 1563 4041 a

466 4094 539 4160 Tae.
555 4092 591 4159 b.
610 4094 636 4173 Ι,
657 4097 677 4160 6
691 4103 715 4158 v
731 4090 819 4161 iuxta
831 4085 1022 4180 periculosa
1037 4091 1110 4162 [ieta
1124 4111 1182 4162 seu
1194 4076 1271 4163 vera
1285 4096 1460 4182 promeret.
1479 4113 1498 4157 e
