3490 5604
883 632 1076 700 -vev-
1183 717 1188 736 Ι

429 809 637 884 declinatione
650 810 857 904 depromptas
870 832 891 883 a
902 811 1040 905 Vergilio
1058 811 1236 904 ceterisque
1249 811 1353 903 poetis
1366 813 1407 883 ad
1419 813 1530 884 locum

429 926 463 997 in
479 946 576 1018 quem
597 925 678 1002 actio
706 925 756 998 vel
783 936 891 1000 motus
915 927 1063 1020 dirigitur
1087 927 1333 1020 exprimendum
1356 937 1532 1020 usurpatas
1647 921 1653 929 '

429 1061 514 1114 esse.

473 1158 577 1229 Huius
592 1179 667 1237 veto
685 1179 764 1231 usus
782 1179 913 1242 causam
928 1168 961 1232 et
971 1159 1128 1254 originem
1151 1160 1179 1231 si
1199 1160 1415 1253 pervestigare
1436 1161 1531 1232 volu-

430 1295 516 1358 mus,
530 1294 582 1346 res
595 1275 692 1368 paulo
707 1274 811 1348 fusius
824 1277 1035 1368 explananda,
1048 1285 1081 1348 et
1092 1275 1145 1348 hio
1158 1296 1289 1369 quoque
1302 1277 1343 1347 a'd
1358 1277 1532 1369 antiquita-

431 1399 496 1461 tem
514 1399 564 1462 est
576 1389 827 1484 remigrandum.

475 1509 593 1578 Omnes
611 1505 657 1580 illi
675 1505 771 1578 dativi
789 1507 822 1578 id
840 1525 1011 1580 commune
1033 1507 1163 1590 habent,
1188 1507 1276 1598 quod
1299 1507 1332 1578 in
1357 1510 1370 1576 i
1397 1515 1529 1579 exeunt.

430 1626 529 1693 Nemo
551 1621 637 1693 enim
660 1623 786 1716 ignorat
807 1624 940 1696 nomina
960 1623 1083 1716 primae
1105 1623 1329 1695 declinationis
1352 1623 1533 1716 antiquitus

431 1738 475 1808 ita
493 1737 668 1813 declinari:

474 1856 565 1924 Nom.
583 1865 694 1937 terra;
716 1858 753 1924 G.
769 1856 890 1938 terroi;
911 1859 948 1924 D.
965 1857 1088 1938 tarot}
1109 1854 1167 1926 db.
1185 1859 1307 1938 aarum
1329 1859 1382 1927 do.
1397 1869 1531 1934 terram.

432 1974 546 2039 Forma
558 1971 657 2040 turoi
667 1969 700 2039 in
713 1982 815 2040 terroe
824 1989 883 2061 per
894 1969 1141 2042 infirmationem
1155 1980 1277 2042 mumta
1288 1970 1359 2042 luit.
1371 1976 1417 2040 Ex
1427 1971 1534 2042 Ennio

432 2084 529 2155 dativi
542 2084 662 2157 formas
680 2087 780 2156 terrui
796 2088 968 2176 frugiferai
985 2087 1107 2178 profert
1122 2087 1350 2180 grammaticus
1369 2086 1534 2158 Charisius

429 2204 534 2284 ΙΙ,10,
558 2221 592 2292 p.
617 2205 650 2272 7.
676 2202 735 2290 (dl.
762 2202 912 2283 lamuel,
933 2185 1113 2274 &tenuatur
1132 2205 1275 2276 drumm.
1299 2206 1354 2272 dor
1369 2207 1435 2303 lot.
1456 2207 1532 2292 spr.

431 2319 483 2405 §a
500 2324 532 2386 et
545 2322 605 2400 aa
620 2316 762 2400 nonno,
778 2299 1155 2409 turcomanorum.
1170 2321 1225 2387 cer
1239 2321 1296 2389 aa.
1311 2323 1383 2409 sp.
1398 2322 1426 2402 1,
1443 2321 1532 2406 ger,

433 2428 481 2515 l).
501 2427 664 2498 Secundae
681 2427 902 2500 declinationis
924 2429 1050 2500 dativus
1068 2432 1099 2500 oi
1121 2437 1199 2500 erat.
1219 2428 1410 2515 scribebant
1427 2427 1528 2511 enim,

432 2550 470 2614 ut
488 2541 583 2612 refert
601 2541 718 2612 Marius
736 2542 939 2614 Victorinus:
959 2545 1087 2634 populat
1104 2545 1266 2614 Roomooi.
1288 2543 1347 2613 llio
1360 2562 1435 2613 vero
1453 2543 1484 2610 oi
1496 2541 1534 2610 in

433 2680 450 2728 o
469 2657 629 2728 minutum
643 2657 713 2728 luit.
734 2658 824 2729 Unde
840 2669 972 2750 apparot
988 2660 1044 2730 illa
1060 2659 1191 2731 nomina
1210 2678 1269 2750 per
1295 2658 1429 2729 eandem
1446 2657 1535 2728 litte-

433 2791 502 2844 ram
521 2774 534 2841 i
551 2773 637 2845 exire
653 2782 749 2866 atque
765 2778 845 2857 aad,
864 2778 982 2858 telluri,
1003 2776 1106 2858 bont,
1127 2781 1187 2845 etc.

476 2888 545 2958 llon
564 2895 671 2958 autem
689 2909 798 2960 errore
811 2889 913 2961 teneri
931 2888 1009 2959 mibi
1028 2889 1147 2972 videar,
1165 2888 1191 2958 si
1210 2888 1268 2958 has
1281 2887 1401 2959 formas
1417 2905 1536 2978 quase

433 3005 526 3094 llorg.
543 3004 739 3088 enumeravi,
763 3024 829 3076 non
847 3005 983 3088 dativus,
1004 3005 1061 3076 sed
1079 3004 1228 3095 antiquas
1252 3024 1325 3075 esse
1343 3003 1463 3075 lormas
1482 3001 1535 3072 lo-

434 3139 505 3189 cum
526 3118 743 3213 designanter.
771 3120 881 3204 idest,
903 3121 1011 3212 ipsum
1030 3120 1201 3194 locativum
1220 3140 1344 3199 casum.
1372 3118 1536 3191 coniecta-

432 3233 546 3304 verim.
567 3234 603 3305 ld
621 3235 707 3306 enim
725 3236 903 3307 notandum
919 3244 969 3307 est
989 3255 1047 3327 per
1064 3235 1321 3307 terminationem
1340 3238 1352 3305 t
1370 3231 1536 3305 senseriti-

367 3369 371 3380 ·
435 3370 502 3431 cae,
522 3351 640 3422 latinae
667 3360 698 3422 et
715 3357 846 3441 graecae
873 3351 1001 3444 linguae
1030 3370 1246 3433 communem,
1272 3371 1382 3422 casum
1401 3347 1537 3421 formari
1672 3433 1674 3437 Ι

435 3464 630 3536 locativum:
652 3470 769 3538 Graece
790 3485 887 3560 χαμαί,
912 3467 1009 3538 latine
1026 3467 1137 3550 bomi3
1158 3478 1238 3550 πέδοι,
1260 3465 1293 3535 in
1314 3474 1422 3548 terra;
1446 3482 1532 3558 pue,

436 3592 499 3650 otto
513 3613 519 3661 ;
533 3597 612 3651 noue
630 3604 648 3649 v
667 3581 699 3650 in
717 3582 797 3652 urbe
815 3583 864 3651 vel
888 3581 1056 3652 inurbem
1079 3580 1191 3670 Pytho.
1218 3603 1237 3648 a
1261 3584 1370 3670 Neque
1394 3581 1535 3653 dubitari

436 3704 542 3788 potest
562 3698 640 3789 quin
660 3699 810 3771 adverbia
834 3698 947 3771 localia
968 3719 1040 3787 pao,
1058 3719 1101 3781 eo,
1122 3700 1240 3786 aliquo,
1261 3699 1345 3767 iutro
1366 3707 1427 3769 eto.
1451 3700 1535 3770 anti-

316 3801 323 3820 '
437 3812 546 3902 quitus
563 3832 622 3904 per
639 3815 670 3883 oi
687 3813 821 3898 exirent,
842 3815 1010 3906 inquibus
1028 3814 1114 3885 idem
1137 3813 1265 3905 signum
1280 3815 1293 3882 i
1308 3813 1416 3884 locum
1435 3815 1535 3908 signi-

436 3929 562 4000 licabat.

480 4044 571 4128 Quod
591 4045 617 4115 si
632 4044 687 4114 illa
704 4044 864 4128 adverbia,
885 4044 967 4115 sicut
981 4054 1014 4116 et
1026 4046 1136 4127 tarci,
1156 4047 1262 4127 coelet,
1281 4054 1313 4115 et
1329 4044 1403 4116 inde
1418 4059 1532 4127 laroc,

437 4163 531 4244 coelo,
553 4169 613 4232 eto.
632 4180 690 4252 pro
708 4160 850 4232 locativis
869 4161 938 4230 sine
961 4158 1059 4251 dubio
1078 4160 1225 4230 habenda
1243 4168 1329 4243 sunt,
1348 4169 1419 4230 tum
1437 4168 1468 4230 et
1486 4159 1536 4229 la-

438 4275 496 4346 oile
514 4275 787 4348 demonstrabitur
799 4268 953 4346 vocabula
966 4274 1078 4345 tertiae
1096 4274 1315 4345 declinationis
1333 4277 1537 4358 metrodoro·

385 4398 388 4405 '
438 4401 497 4463 etc.
526 4391 670 4464 eiusdem
695 4391 821 4484 generis
839 4410 922 4461 esse.
953 4395 990 4460 ln
1015 4389 1065 4460 his
1090 4389 1176 4460 enim
1205 4389 1386 4461 terminatio
1409 4389 1535 4461 locativi

438 4509 606 4580 immutata
623 4509 800 4581 remansit:
823 4511 920 4594 aec-i,
941 4509 1076 4591 tollor-i,
1101 4509 1221 4591 lotar-i,
1242 4508 1298 4608 vel⁴
1312 4528 1385 4579 cum
1404 4507 1537 4580 vocalit'

438 4627 603 4717 praeeunti
621 4646 679 4718 per
695 4625 891 4738 synaeresim
909 4624 1069 4698 concrevit
1087 4648 1095 4695 :
1116 4627 1183 4714 ipat
1198 4661 1230 4687 =
1250 4607 1356 4714 ipat-t.
1373 4624 1463 4697 Unde
1481 4644 1534 4697 se-
