3540 5612
856 629 1050 701 ⁴246·-

403 814 548 897 uersitas
568 814 624 884 ubi
641 816 763 887 nomini
779 816 969 888 adiectivum
988 818 1106 886 nudius
1126 814 1295 886 subicitur.
1314 819 1404 887 Nunc
1418 815 1511 886 enim

403 928 521 1001 omittit
538 939 634 1020 poeta
651 942 772 1016 noster,
794 953 881 1004 nunc
898 931 993 1002 adicit
1009 951 1121 1023 praep.
1142 933 1188 1014 br,
1209 940 1241 1001 et
1257 931 1289 1002 Id
1308 932 1437 1022 quidem
1457 941 1512 1002 te-

403 1064 503 1127 mere,
519 1054 556 1115 ut
569 1045 705 1116 uidetur.
722 1047 858 1137 Propius
873 1055 980 1118 tamen
997 1068 1065 1118 rem
1084 1045 1265 1136 inspicienti
1279 1045 1437 1137 Vergilius
1455 1067 1512 1116 ra-

403 1161 523 1234 tionem
551 1161 724 1253 quamdam
743 1173 775 1234 et
795 1184 943 1236 normam
971 1184 1122 1246 servasse
1135 1161 1306 1234 uidebitur.
1333 1167 1379 1233 Ite
1397 1164 1456 1234 bac
1471 1183 1513 1234 re

403 1277 443 1348 cI.
465 1279 663 1359 Quocsdones
685 1281 878 1366 Verptb‘ooos
897 1278 1057 1369 Wagneri,
1085 1283 1215 1361 Quaest.
1237 1278 1512 1360 218828592-

403 1412 517 1465 cursus
536 1411 697 1464 snmmam
717 1395 832 1466 resero.

447 1546 587 1618 Adicitur
605 1549 821 1646 praepositio:

447 1675 493 1767 n)
517 1675 577 1746 Ubi
594 1679 713 1746 nudius
732 1677 861 1769 proprie
885 1677 1049 1769 despatio
1073 1678 1179 1750 medio
1203 1679 1396 1750 adhibetur:
1422 1683 1457 1750 d.
1477 1685 1508 1763 Ι,

405 1781 461 1861 III
486 1817 501 1855 u
524 1794 628 1861 Lucus
644 1793 680 1859 in
701 1795 776 1861 urbe
794 1793 854 1861 Iuit
872 1792 985 1862 nauta.
1008 1819 1023 1855 Ι
1042 1797 1069 1876 Ι,
1091 1799 1154 1863 709
1170 1821 1185 1858 u
1204 1799 1287 1864 Saxa
1304 1805 1418 1867 vocant
1435 1796 1512 1866 Itali

403 1909 511 1976 mediis
530 1927 612 1998 qnae
631 1910 830 1998 deductibus
848 1911 938 1979 Aras.
964 1935 979 1971 Ι
999 1912 1041 1992 ΙΙ,
1064 1915 1127 1979 bid
1147 1942 1162 1975 u
1186 1913 1319 1982 Aedibus
1341 1914 1375 1981 io
1398 1915 1510 1982 mediis

405 2063 445 2073 -
465 2026 526 2093 Ara
545 2021 615 2094 iuit.
637 2048 652 2086 Ι
671 2026 729 2106 ΙΙΙ,
750 2029 813 2094 624
833 2051 848 2088 u
873 2026 975 2095 Mcdto
993 2025 1166 2116 resupinus
1182 2028 1217 2096 in
1234 2040 1329 2098 antro
1346 2027 1509 2119 Polyphe-

405 2158 490 2209 mus.
516 2163 531 2201 Ι
551 2142 585 2221 V,
608 2142 669 2207 Ito
690 2167 705 2204 «
728 2144 860 2210 Munera
878 2180 918 2190 -
934 2149 1007 2210 ante
1023 2141 1134 2212 oculos
1148 2145 1297 2235 circoque
1313 2143 1459 2215 locantur
1473 2147 1512 2213 iu

404 2257 514 2323 meda’o.
539 2278 553 2315 Ι
578 2258 641 2323 Ibb
661 2282 676 2319 u
704 2257 870 2346 Mediaque
897 2259 980 2346 Gyas
1000 2259 1034 2326 in
1055 2261 1179 2346 purpttc
1203 2259 1315 2342 uictor,
1340 2285 1355 2322 Ι
1380 2260 1402 2328 i.
1422 2281 1451 2330 e.
1473 2261 1511 2330 in

405 2370 512 2442 medio
530 2391 640 2452 cursu,
659 2391 725 2442 non
744 2379 899 2443 extremo.
916 2377 969 2454 III,
987 2377 1051 2442 282
1072 2400 1086 2436 o
1109 2377 1150 2442 In
1163 2367 1262 2444 madio
1276 2396 1383 2446 ramos
1396 2375 1512 2466 pandit

305 2561 307 2568 ,
406 2487 527 2558 ulmus.
567 2490 651 2569 ΙΙΙ,
681 2492 744 2556 665
775 2515 790 2552 «
821 2492 861 2558 Ut
887 2491 995 2557 mediis
1023 2488 1148 2560 hostem
1172 2493 1207 2560 ia
1225 2493 1437 2582 penetralibus
1466 2533 1509 2542 —

407 2607 565 2674 cernam?
586 2627 601 2664 Ι
622 2603 657 2671 Α.
675 2606 713 2685 II,
734 2607 797 2672 279
818 2631 832 2667 Ι
858 2607 960 2675 Medio
980 2610 1014 2674 tn
1032 2608 1133 2695 sparto
1151 2605 1269 2678 chorus
1286 2628 1358 2678 ecce
1376 2629 1510 2678 suarum

407 2716 551 2787 Occurrit
570 2715 735 2785 comitum.
757 2740 772 2777 Ι
786 2720 821 2784 Ε.
842 2720 898 2798 ΙΙΙ,
919 2719 960 2785 bb
980 2744 995 2780 «
1017 2721 1059 2786 In
1078 2720 1175 2787 medio
1195 2719 1260 2791 duo
1280 2720 1382 2811 signa,
1400 2725 1510 2791 Conon

407 2837 467 2904 e'tc.
493 2857 508 2894 Ι
529 2834 565 2900 Α.
580 2835 622 2913 ΙΙ,
640 2835 703 2900 328
718 2858 733 2895 «
751 2833 859 2900 mediis
873 2835 908 2900 tn
921 2835 1078 2902 moenibus
1096 2833 1227 2904 adstans
1244 2856 1360 2927 equus.
1384 2862 1399 2900 Ι

450 2974 499 3066 u)
522 2973 582 3045 Ubi
601 2975 636 3043 in
652 2974 737 3044 idem
765 2973 848 3043 uolet
875 2982 971 3066 atque
989 2977 1094 3045 inter:
1121 2979 1158 3048 G.
1184 2982 1226 3060 ΙΙ,
1251 2983 1315 3048 283
1344 3005 1359 3043 «
1390 2979 1510 3049 dubins

407 3091 514 3158 medias
528 3069 616 3157 Mars
632 3094 717 3157 errat
730 3088 766 3155 in
777 3089 888 3155 arants.
910 3113 925 3150 Ι
946 3091 981 3156 I.
1001 3092 1027 3170 Ι,
1046 3093 1086 3159 Io
1102 3116 1117 3184 (ς
1135 3093 1312 3183 Medb'sque
1332 3093 1508 3161 inmitibus

408 3207 506 3278 ardet.
527 3208 608 3288 ΙΙΧ,
626 3208 689 3273 728
704 3231 719 3267 «
738 3205 891 3275 Demensi
910 3203 964 3294 qui
978 3205 1134 3275 Rutulum
1148 3209 1183 3276 in
1196 3209 1294 3278 nudie
1307 3228 1373 3279 non
1387 3209 1512 3296 opinior

408 3341 515 3412 regem
538 3319 659 3390 Viderit
680 3319 924 3409 irrumpentem.
950 3345 965 3383 Ι
985 3324 1020 3390 Α.
1038 3325 1096 3404 ΙΙΙ,
1112 3328 1176 3394 202
1202 3352 1216 3388 u
1243 3329 1305 3394 Nec
1324 3323 1512 3394 meminisse

408 3438 478 3507 viae
494 3437 597 3504 medio
615 3435 785 3504 Palinurus
800 3438 834 3504 iu
857 3438 956 3505 undu.
978 3462 993 3499 Ι
1012 3442 1064 3520 IV,
1087 3443 1150 3508 Iso
1166 3467 1180 3504 u
1201 3443 1239 3509 At
1256 3460 1338 3530 puer
1356 3438 1510 3510 Ascanius

407 3553 516 3620 mediis
536 3553 571 3618 tu
588 3551 722 3618 collibus
741 3549 805 3619 acri
824 3550 948 3621 Gaudet
966 3572 1062 3642 equo.
1093 3578 1107 3615 Ι
1129 3557 1166 3623 G.
1193 3559 1256 3624 328
1277 3583 1292 3619 u
1312 3558 1386 3645 Ipse
1404 3560 1509 3637 Pater,

407 3669 510 3737 medio
524 3665 709 3735 nimborum
723 3668 757 3733 ΙΙΙ
769 3680 867 3749 nocte,
885 3687 1018 3738 corusca
1035 3669 1182 3739 Fulmina
1200 3669 1333 3740 molitur
1348 3669 1472 3740 deutra.
1493 3697 1509 3731 Ι

408 3788 477 3866 IIII,
496 3787 557 3852 123
587 3809 601 3846 «
620 3783 780 3852 Meditata
794 3783 920 3852 mib'bus
939 3782 1001 3873 ipsi
1027 3789 1181 3856 Ductores
1198 3827 1238 3836 -
1254 3786 1399 3856 uolitant.
1420 3812 1434 3848 Ι
1454 3789 1507 3867 VI,

409 3903 472 3969 330
491 3926 506 3963 «
528 3900 639 3968 Mediis
656 3897 778 3967 eIIusus
792 3901 826 3966 tn
838 3901 943 3968 nudis.
963 3925 978 3961 Ι
993 3903 1046 3982 III,
1064 3905 1126 3970 683
1143 3929 1157 3965 «
1177 3905 1251 3992 Ipse
1265 3903 1398 3970 catervis
1414 3899 1510 3970 verti-

410 4025 463 4086 tur
477 4018 511 4085 ΙΙΙ
523 4018 642 4084 inediis.
663 4041 677 4076 Ι
693 4019 729 4084 A.
746 4020 830 4098 VIII,
845 4020 909 4085 700
926 4044 940 4080 o
964 4017 1070 4086 Saevit
1083 4019 1185 4086 ‘medio
1204 4020 1239 4086 iu
1259 4019 1427 4086 certumioc
1444 4021 1511 4084 Ma·

409 4153 495 4203 vers.
517 4157 532 4194 Ι
547 4136 615 4214 VII,
636 4136 699 4200 577
713 4159 726 4195 u
744 4133 845 4201 Medio
862 4134 897 4199 to
911 4133 1040 4200 crimine
1054 4132 1159 4202 caedis
1174 4142 1205 4202 et
1218 4135 1297 4221 Ipni.
1319 4159 1333 4194 Ι

452 4273 495 4366 c)
510 4278 588 4343 Cum
606 4294 673 4343 rem
684 4294 775 4370 xquae
790 4273 906 4364 agitur,
926 4294 990 4344 non
1005 4274 1112 4344 Iocum
1130 4274 1186 4345 ubi
1204 4274 1281 4366 quid
1296 4274 1413 4364 agitur,
1428 4273 1512 4344 indi-

410 4399 459 4461 cat
475 4399 580 4480 poeta,
601 4390 687 4480 quod
707 4389 797 4460 reddi
812 4389 878 4460 iere
892 4398 998 4480 potest
1011 4410 1069 4480 per
1087 4389 1221 4460 uerbum
1246 4390 1397 4460 adiuncta
1411 4390 1512 4480 parti-

410 4508 481 4577 cula
493 4508 580 4589 dom,
597 4506 646 4576 vel
661 4527 719 4597 per
730 4525 840 4596 praep.
858 4508 961 4575 iuter:
983 4509 1020 4574 G.
1040 4510 1097 4588 III,
1119 4511 1182 4576 Iso
1197 4534 1212 4572 u
1232 4511 1333 4596 Saepe
1348 4509 1383 4575 in
1398 4509 1512 4575 Ironorc

411 4625 507 4696 deum
521 4626 618 4694 medie
633 4629 721 4695 stans
734 4622 839 4694 bestia
857 4622 896 4692 ad
916 4642 1004 4692 aram
1020 4621 1198 4694 -cecidit
1223 4650 1237 4686 u
1253 4628 1317 4693 odit
1333 4651 1347 4688 o
1368 4627 1462 4711 Opere
1478 4624 1512 4690 in
