3528 5604
908 683 1083 751 ...66..

439 866 612 938 utebantur
630 864 804 936 infinitivo:
834 883 918 955 6666
933 864 1016 936 16116
1030 859 1196 954 loquendi,
1219 867 1256 931 61
1275 868 1325 931 661
1342 858 1552 933 balbutientis
1600 905 1602 913 .

439 980 602 1063 infantiae,
617 959 662 1049 ita
675 979 836 1070 hodieque
849 978 1013 1049 invenitur
1024 975 1111 1067 apud
1125 973 1264 1066 populos
1279 974 1438 1064 quosdam
1453 974 1552 1045 rudes

439 1105 471 1167 et
488 1095 656 1174 barbaros,
677 1103 802 1166 retenta
819 1093 982 1164 interdum
1001 1092 1057 1163 illa
1076 1090 1209 1183 quidem
1228 1089 1325 1161 etiam
1340 1111 1359 1161 a
1372 1089 1552 1160 cultoribus

438 1210 580 1302 populis.
599 1234 617 1279 1
632 1210 725 1292 Quod
739 1217 847 1280 autem
861 1209 902 1279 16
917 1209 1027 1291 verbo,
1045 1207 1078 1278 id
1093 1207 1133 1277 de
1146 1205 1290 1288 nomine,
1307 1204 1340 1275 id
1354 1205 1395 1276 de
1410 1205 1553 1276 rectione

438 1324 622 1396 dicendum.
641 1327 780 1394 Casuum
804 1343 886 1393 usus
903 1323 1047 1414 primum
1064 1320 1125 1391 luit
1138 1318 1231 1390 valde
1254 1319 1395 1389 incertus
1410 1319 1552 1409 promis-

438 1460 600 1531 cuusque;
634 1438 720 1509 idem
747 1438 833 1509 enim
855 1458 950 1509 casus
982 1437 1022 1508 ad
1051 1435 1229 1528 permultas
1256 1434 1428 1505 relationes
1452 1434 1553 1504 valuit

438 1553 676 1647 exprimendas.
695 1554 915 1636 16666611166,
937 1574 988 1624 ex.
1007 1575 1071 1645 gr„
1089 1551 1220 1643 largiori
1230 1571 1329 1622 sensu
1340 1549 1439 1621 finem
1452 1551 1552 1622 actio-

438 1673 489 1743 nis
506 1670 678 1754 indicabat‚
699 1669 766 1741 sive
792 1670 960 1753 inlocum,
990 1670 1057 1740 sive
1082 1669 1216 1751 iurem,
1239 1668 1354 1739 sivein
1377 1688 1552 1758 personam

438 1787 658 1879 dirigebatur:
690 1789 737 1856 116
768 1791 1022 1871 artemonem
1051 1788 1178 1875 filiam:
1201 1784 1280 1855 Dein
1312 1783 1484 1874 bipartitus
1502 1794 1553 1856 est

438 1923 540 1974 usus:
563 1903 654 1973 16666
671 1902 791 1973 66111661
804 1923 862 1994 per
881 1901 1155 1993 praepositionem
1174 1920 1248 1970 cum
1266 1900 1460 1982 accusativo,
1477 1919 1551 1992 per-

439 2027 589 2092 6666661
605 2037 657 2089 res
676 2038 735 2109 per
749 2019 968 2090 accusativum
984 2016 1091 2088 solum
1105 2035 1270 2106 expressa.

482 2133 541 2204 Hic
555 2133 645 2204 locus
660 2152 731 2203 esse
750 2133 830 2203 mihi
847 2132 974 2202 videtur
992 2150 1095 2221 pauca
1121 2131 1161 2200 (16
1188 2130 1466 2221 praepositionum
1488 2152 1553 2201 usu

439 2248 663 2320 interserendi.
696 2247 860 2318 Poeticum
881 2266 1064 2318 sermonem
1083 2254 1115 2316 et
1133 2246 1316 2337 pedestrem
1337 2246 1440 2337 siquis
1457 2267 1552 2337 6666-
1609 2253 1614 2260 ’

363 2414 365 2422 ·
439 2365 540 2435 ratius
559 2364 642 2434 inter
666 2383 701 2434 se
721 2363 955 2454 comparaverit
969 2371 1015 2434 -61
1033 2362 1179 2432 intimam
1196 2362 1367 2452 utriusque
1394 2363 1553 2435 rationem

439 2482 626 2573 inspexerit,
640 2502 681 2582 eo
696 2481 903 2572 potissimum
918 2481 1002 2552 inter
1015 2501 1051 2551 se
1065 2480 1193 2550 dillcrre
1207 2500 1263 2551 eos
1282 2481 1447 2564 iudicabit,
1465 2482 1552 2572 6661

439 2594 493 2664 1116
527 2593 698 2684 antiquum
732 2613 831 2663 usum
869 2601 901 2664 et
930 2593 1168 2683 simplicitatem
1199 2594 1354 2678 retinens,
1394 2596 1552 2685 plurimas

441 2729 550 2780 verum
567 2709 867 2799 sententiarumque
885 2708 1059 2779 relationes
1076 2728 1174 2799 quam
1189 2709 1393 2798 paucissimis
1413 2721 1515 2782 struct
1538 2753 1552 2765 -

440 2843 495 2896 rae
527 2832 559 2894 et
580 2823 825 2912 compositionis
845 2821 1019 2913 generibus
1047 2822 1209 2913 exprimit,
1240 2823 1292 2894 hic
1314 2833 1423 2894 autem
1449 2827 1552 2916 multo

440 2938 535 3028 plura
549 2937 822 3027 compositionum
835 2955 954 3028 genera
969 2934 1030 3006 sibi
1045 2935 1215 3006 vindicavit
1227 2937 1385 3029 novisque
1399 2939 1554 3029 loquendi
1661 3027 1665 3032 Ι

440 3053 566 3146 legibus
582 3052 804 3144 adstringitur.
826 3056 956 3121 Constat
974 3051 1060 3121 enim
1096 3051 1352 3141 praepositiones
1384 3052 1417 3122 in
1443 3053 1554 3145 lingua

441 3169 551 3250 161166,
568 3177 605 3238 61
624 3168 657 3237 in
673 3188 797 3260 graeca,
822 3167 974 3258 primitus
989 3166 1140 3237 adverbia
1153 3167 1265 3250 fuisse,
1282 3188 1341 3238 nec
1359 3168 1399 3239 ad
1419 3189 1550 3248 nomen,

442 3284 499 3355 sed
518 3282 707 3354 adverbum
726 3283 914 3354 relationem
933 3281 1097 3352 habuisse.
1114 3283 1214 3352 Maior
1232 3283 1319 3353 enim
1336 3305 1470 3355 casuum
1486 3293 1554 3356 erat

396 3489 398 3494 .
442 3399 546 3489 copia,
562 3419 621 3489 per
641 3419 724 3489 quos
749 3418 862 3469 omnes
891 3397 1062 3468 notionum
1093 3397 1265 3469 relationes
1288 3399 1366 3470 satis
1392 3400 1553 3491 exprime-

442 3513 572 3584 bantur.
594 3510 672 3582 lnde
692 3512 728 3581 fit
748 3520 795 3584 ut.
816 3531 889 3581 cum
905 3507 1063 3602 Vergilius
1083 3512 1356 3603 praepositionem
1369 3522 1444 3604 post
1457 3512 1555 3583 verba

443 3637 644 3716 motumque
660 3628 709 3697 161
725 3630 807 3696 uode
825 3627 999 3697 indicantia
1009 3627 1231 3716 omittit(urbe
1255 3632 1369 3716 epredt,
1397 3631 1554 3698 6161111116

444 3745 985 3826 661616,1161161666611,16666616
1013 3745 1092 3813 locos
1115 3747 1209 3814 laetos
1239 3758 1408 3814 6166161116
1438 3745 1553 3830 vireta)

445 3858 653 3950 antiquorum
667 3858 853 3928 Latinorum
873 3858 1027 3948 loquendi
1046 3860 1314 3930 consuetudinem
1330 3846 1477 3950 usurpat,
1499 3859 1554 3950 661
1632 3874 1638 3888 ·

448 3995 513 4046 666
538 3975 789 4066 praepositione,
823 3974 879 4044 sed
911 3974 1031 4044 casuali
1058 3975 1199 4048 nominis
1219 3977 1444 4047 terminatione
1473 3975 1556 4045 hanc

446 4091 581 4161 localem
599 4089 788 4160 relationem
806 4089 1039 4178 exprimebant.
1061 4094 1137 4160 Post
1155 4091 1258 4161 multa
1276 4092 1339 4161 alia
1356 4091 1455 4162 verba
1473 4111 1556 4182 6666

447 4205 585 4297 prosaici
604 4206 777 4296 scriptores
796 4226 869 4275 cum
888 4205 1127 4296 praepositione
1154 4217 1186 4277 et
1203 4208 1383 4279 accusativo
1403 4207 1452 4278 vel
1469 4207 1556 4277 abla-

448 4322 513 4392 tivo
532 4330 735 4404 construunt,
757 4331 871 4412 poetae
889 4321 1033 4392 dativum
1052 4323 1102 4393 vel
1125 4325 1355 4407 accusativum,
1378 4323 1427 4394 vel
1444 4323 1556 4395 ablati-

449 4458 526 4506 vum
546 4438 651 4508 solum
670 4446 808 4528 ponunt.
830 4436 892 4507 dic.
925 4436 965 4506 de
992 4439 1062 4506 dm.
1085 4443 1116 4520 t,
1138 4443 1180 4508 2:
1206 4462 1224 4507 (
1246 4443 1325 4511 Cum
1351 4439 1379 4509 is
1406 4438 1556 4510 tribunus

450 4551 554 4643 plebis
568 4552 695 4643 capitali
710 4553 784 4625 odio
801 4575 821 4623 6
837 4555 1030 4642 (11666616
1044 4553 1234 4638 dissideret;
1255 4580 1273 4624 1
1290 4562 1428 4648 -1616,
1446 4566 1557 4628 contra

451 4672 487 4738 Α.
508 4672 576 4750 vll,
598 4673 674 4750 369,
695 4669 781 4741 idem
804 4669 940 4740 verbum
957 4671 1106 4739 dtssidere
1125 4671 1194 4743 sine
1209 4673 1456 4763 praepositione
1482 4693 1556 4744 cum
