3490 5604
717 671 909 743 -123-

264 855 371 947 potius
383 875 457 927 cum
473 855 585 927 iterata
598 854 835 947 praepositione
849 873 946 947 qnam
958 873 1032 925 cnm
1047 852 1153 925 dativo
1169 862 1363 925 construun-

263 979 326 1041 tur.
346 976 392 1041 ΕΚ
406 970 523 1063 quibus
537 971 709 1063 praecipue
724 980 800 1043 sunt
813 973 906 1054 udde,
921 972 1037 1053 adicio,
1053 972 1203 1058 adiungo.
1216 969 1363 1040 -Verba

264 1107 336 1158 oum
354 1107 465 1179 praep.
498 1108 571 1156 aaa
599 1087 777 1178 composita
801 1086 1072 1182 praepositionem
1092 1085 1209 1157 iterum
1228 1093 1302 1177 post
1327 1106 1363 1156 se

264 1203 381 1275 habere
396 1203 510 1286 solent,
530 1223 635 1296 neque
653 1224 798 1297 unquam
812 1203 931 1276 iareah
945 1223 983 1275 eo
999 1223 1064 1274 usu
1080 1202 1187 1274 Cicero
1199 1200 1359 1273 deflectit:

264 1317 308 1389 uf.
330 1319 415 1389 Lael.
434 1324 454 1387 8
487 1345 502 1383 o
519 1319 552 1389 si
570 1320 710 1412 aliquem
728 1321 812 1392 nacti
832 1341 958 1403 sumus
974 1319 1067 1391 cuius
1085 1339 1157 1388 curn
1173 1320 1312 1389 moribus
1330 1325 1363 1390 et

262 1449 384 1506 actara
414 1456 636 1525 manemus.
664 1461 680 1500 »
711 1435 793 1507 ibid.
825 1440 845 1506 9
883 1463 898 1502 u
928 1440 1060 1518 Eorum,
1086 1437 1271 1524 quibusoam
1298 1455 1362 1506 usu

262 1553 419 1622 coniuncti
433 1572 504 1623 esse
522 1559 670 1643 possunt.
689 1575 707 1622 »
731 1557 792 1624 Pro
811 1552 937 1623 Marcel.
959 1558 991 1635 2,
1013 1557 1033 1621 5
1062 1556 1159 1624 «Res
1177 1559 1282 1643 gestas
1300 1551 1362 1622 im-

263 1675 447 1760 paratorum
465 1709 505 1720 -
533 1689 605 1739 cam
632 1670 695 1739 tub
722 1689 787 1741 non
817 1688 915 1760 posse
940 1669 1123 1756 conferri.»
1153 1666 1198 1738 uf.
1223 1667 1359 1770 Madvig.

262 1787 292 1875 g.
313 1788 389 1854 aaa.

305 1903 419 1970 Poetae
438 1919 524 1983 vero,
547 1899 704 1992 Vergilius
723 1899 896 1991 imprimis,
916 1897 1042 1970 etiamsi
1066 1898 1177 1971 localis
1200 1899 1312 1972 relatio
1331 1911 1363 1974 et

261 2022 369 2085 molus
400 2014 567 2086 manifeste
585 2015 783 2108 designatur,
804 2014 947 2086 dativum
966 2014 1030 2085 illis
1050 2014 1156 2086 verbis
1176 2016 1362 2107 compositis

261 2127 397 2202 libenter
426 2130 654 2224 subiungunt;
698 2152 757 2204 neo
790 2142 898 2203 tamen
927 2130 1059 2202 alteram
1090 2131 1362 2228 constructionem

262 2261 335 2311 cum
365 2242 603 2333 praepositione
632 2243 764 2315 omnino
795 2250 964 2334 respuunt.
994 2240 1041 2312 Ad
1072 2241 1105 2312 id
1138 2241 1362 2335 explicandum

262 2356 373 2427 eadem
388 2359 505 2428 iterum
523 2359 604 2429 ratio
624 2358 718 2443 valet,
740 2379 804 2452 qua
816 2360 952 2429 Lauinia
967 2360 1051 2428 veuit
1065 2360 1173 2440 litora,
1185 2361 1363 2432 merendare

261 2475 363 2542 umori
381 2473 632 2564 explicavimus:
653 2483 764 2566 poetas
784 2473 903 2545 scilicet
916 2474 1115 2566 antiquitatis
1133 2472 1363 2567 brevitatisque

261 2587 435 2673 studiosos,
455 2590 720 2681 praepositiones,
741 2590 937 2681 ubicumque
963 2590 996 2660 id
1014 2589 1207 2683 perlatione
1233 2590 1363 2684 linguae

261 2703 425 2796 ingenium
442 2705 490 2775 vel
518 2727 705 2798 graecorum
732 2707 943 2779 imitationem
972 2706 1057 2790 licet,
1085 2707 1244 2778 omittere.
1259 2706 1361 2782 Aliam

262 2827 367 2890 autem
386 2839 515 2890 causam
529 2841 587 2891 cur
600 2830 713 2913 poetae
729 2823 857 2914 saepius
876 2821 1147 2913 praepositionem
1166 2821 1313 2913 quamvis
1327 2821 1361 2892 in

261 2954 358 3026 prosa
387 2936 599 3008 necessariam
631 2938 779 3009 omittant
811 2937 859 3008 vel
891 2937 1039 3009 omittere
1071 2945 1279 3028 anteponant,
1304 2936 1361 3012 ulii

260 3061 397 3142 utraque
414 3051 534 3143 pariter
552 3055 747 3126 constructio
776 3055 810 3126 in
828 3076 891 3126 usu
913 3063 973 3139 est,
998 3054 1073 3125 inde
1094 3052 1267 3144 repetenda
1288 3071 1361 3127 esse

260 3163 340 3234 mihi
355 3164 491 3249 videtur,
509 3166 595 3259 quod
609 3188 647 3239 ea
658 3188 719 3240 vox
733 3189 814 3260 quae
832 3177 957 3239 tantum
983 3167 1023 3237 ad
1050 3166 1204 3238 orationis
1222 3164 1359 3240 [ormam

260 3280 398 3370 pertinet
426 3301 485 3352 neo
513 3283 684 3374 quiequam
713 3284 776 3354 nisi
804 3304 925 3355 meram
963 3281 1150 3354 relationem
1188 3278 1357 3373 significat,

261 3395 451 3487 nullamper
465 3418 499 3470 se
513 3397 617 3469 ideam
642 3409 697 3470 aut
711 3399 809 3471 animi
823 3399 971 3471 allectum
991 3399 1147 3481 suscitat3
1177 3419 1250 3469 cum
1264 3415 1360 3489 prae-

262 3513 393 3603 cipuum
419 3522 531 3585 contra
545 3515 687 3606 poeticae
710 3538 829 3587 munus
855 3517 1009 3589 orationis
1034 3536 1105 3588 esse
1131 3515 1288 3598 videatur,
1322 3522 1359 3584 nt

262 3627 396 3720 legentis
417 3631 516 3700 menti
545 3651 672 3723 semper·
698 3632 838 3724 aliquam
874 3633 1012 3704 vividam
1044 3653 1152 3704 rerum
1185 3631 1358 3723 imaginem

262 3743 389 3816 obiciat.

306 3860 597 3964 Verhaoumposita
611 3885 683 3935 eum
700 3865 806 3936 dativo
821 3866 906 3956 apud
923 3864 1093 3958 Vergilium
1109 3865 1141 3935 in
1156 3865 1237 3936 duas
1249 3874 1357 3957 partes

263 3975 413 4062 dividam,
430 3988 526 4068 prout
539 3979 673 4052 verbum
687 3981 823 4076 simplex
836 3983 1040 4056 transitivum
1056 3982 1105 4058 vel
1119 3984 1358 4060 intransitivum

263 4101 321 4162 est.
