3540 5612
842 641 1037 708 -at8-

390 817 461 890 erit.
479 841 498 887 a
513 823 596 902 llll,
617 823 681 890 674
701 840 719 888 4
738 824 779 889 In
792 821 891 890 444444
907 821 1211 894 classes-cernere
1222 830 1302 893 erat.
1323 825 1411 903 alx,
1429 825 1493 890 395

390 957 409 1003 4
434 939 497 1007 Nec
515 936 647 1028 longum
666 938 702 1006 r'n
718 937 817 1006 medlo
841 945 982 1029 tempus.
1012 961 1090 1007 u-
1123 939 1198 1009 Sine
1226 957 1337 1029 praep.
1369 939 1405 1006 A.
1440 941 1494 1017 IV,

390 1053 453 1119 484
472 1073 490 1118 4
510 1055 607 1124 llocte
631 1051 715 1122 volat
730 1052 810 1122 caeli
825 1055 924 1122 444444
938 1061 1118 1146 terraeque.
1130 1078 1154 1122 u
1169 1059 1222 1137 Ill,
1244 1059 1308 1123 230
1328 1075 1346 1120 4
1367 1057 1497 1123 Castro-

389 1185 463 1236 rum
494 1172 526 1236 et
559 1164 664 1256 campi
694 1167 805 1235 radio.
827 1189 846 1234 »
872 1171 926 1249 xl,
951 1171 1017 1237 547
1040 1191 1058 1236 4
1087 1173 1192 1260 Fugac
1220 1170 1332 1250 444444,
1358 1167 1497 1238 summis

390 1284 568 1351 Amasenus
590 1280 759 1352 abundans
789 1283 966 1373 spumabat
987 1283 1066 1374 ripis
1101 1311 1116 1347 u
1152 1287 1209 1371 (ε.-
1227 1284 1311 1355 inter
1335 1285 1497 1371 cursum.)

390 1402 448 1471 ΙΙΙ.
475 1400 538 1466 354
558 1419 576 1465 4
596 1396 687 1467 Aulai
700 1398 799 1467 medlo
817 1397 962 1470 libabant
981 1401 1096 1490 pocula
1115 1400 1240 1472 Bacchi.
1260 1423 1277 1468 u

433 1525 517 1596 llihil
536 1525 611 1596 buic
629 1527 778 1619 Wagneri
797 1527 1007 1618 disputationi
1027 1530 1210 1600 addendum
1232 1550 1305 1600 esse
1333 1531 1496 1612 existimo,

392 1641 448 1733 qui
477 1641 557 1713 mibi
587 1641 708 1732 optime
742 1642 825 1713 hanc
850 1642 889 1714 de
926 1643 1071 1716 adiectivi
1107 1648 1227 1716 medius
1261 1645 1501 1716 constructione

392 1757 615 1850 quaestionem
633 1757 811 1831 absolvisse
829 1758 967 1831 videtur.

436 1936 471 1999 8⁰
504 1934 574 2000 llon
593 1929 791 2002 snlumoum
810 1930 976 2003 adiectivis
999 1945 1094 2015 torus,
1119 1937 1232 2015 omnis,
1270 1942 1345 2015 etc,
1380 1934 1435 2004 sed
1470 1943 1505 2004 et

394 2067 467 2117 cum
484 2047 592 2133 quouis
609 2048 673 2116 ullo
691 2048 842 2117 adiectino
861 2047 975 2119 localis
994 2048 1082 2119 notio
1102 2049 1233 2120 nomine
1254 2069 1408 2140 expressa
1421 2049 1504 2119 rlefi-

394 2161 493 2244 nitur,
520 2160 699 2254 simplieem
726 2162 901 2233 ablativum
934 2163 1092 2255 Vergilius
1114 2165 1216 2255 ponit.
1240 2171 1285 2234 lla
1306 2166 1503 2236 constructio

395 2274 527 2346 omnino
546 2295 566 2345 a
587 2295 703 2366 prosae
722 2274 876 2346 orationis
900 2297 963 2346 usu
986 2275 1148 2359 abhorret,
1174 2284 1206 2346 et
1228 2276 1393 2346 rarissima
1415 2275 1502 2366 apud

395 2389 579 2460 Ciceronem
602 2389 775 2461 invenitur.
800 2391 1011 2482 Frequentior
1032 2399 1140 2461 tamen
1164 2391 1229 2462 iam
1249 2391 1335 2482 apud
1363 2391 1500 2472 Liuium,

395 2514 464 2577 tum
483 2517 514 2577 et
530 2507 615 2598 apud
630 2507 847 2598 posteriorum
865 2518 1005 2579 aetatum
1028 2508 1214 2599 scriptores.

438 2633 486 2703 Nil
507 2633 638 2724 quidem
657 2643 706 2705 est
724 2635 811 2726 quod
829 2655 900 2706 eam
920 2636 1049 2728 Vergilii
1070 2635 1251 2709 libertatem
1267 2637 1419 2730 loquendi
1439 2637 1503 2706 uri-

395 2769 516 2832 remur,
536 2749 593 2820 ubi
611 2750 801 2822 adiectivum
819 2751 927 2842 ipsum
947 2752 1081 2822 localem
1099 2753 1265 2824 notionem
1283 2752 1445 2844 exprimit,
1467 2761 1506 2823 ut

394 2868 491 2949 ultus,
512 2867 607 2949 imus,
627 2880 748 2950 oestuo,
769 2873 830 2937 eto.
847 2872 936 2937 Tunc
953 2866 1052 2950 euim,
1072 2877 1108 2938 ut
1128 2868 1167 2939 de
1181 2871 1280 2938 medio
1300 2869 1502 2950 dictumest,

395 2982 459 3052 vim
478 2981 726 3074 praepositionis
749 2981 941 3053 adiectivum
960 2984 1110 3054 sustinet.

439 3112 476 3179 G.
497 3112 524 3192 I,
554 3114 617 3180 358
641 3132 659 3176 4
685 3109 801 3180 Aridus
825 3113 899 3180 ultis
933 3115 1089 3183 cuntibus
1121 3113 1226 3183 audiri
1247 3114 1408 3206 lragor.»
1439 3117 1497 3183 All

396 3247 414 3293 4
435 3229 536 3315 Saepe
553 3227 705 3296 cubilibus
723 3226 797 3296 ultis
816 3266 857 3276 —
877 3225 961 3298 iuter
984 3248 1019 3298 se
1041 3228 1075 3310 in
1097 3228 1182 3300 loliis
1210 3230 1390 3319 strepitant.
1418 3253 1436 3298 u
1465 3233 1502 3299 A.

395 3345 422 3423 Ι,
450 3345 492 3410 ab
514 3362 532 3408 4
553 3344 659 3412 Manet
685 3344 755 3412 ultu
775 3355 874 3411 uuum
892 3357 1060 3433 repostum
1074 3345 1234 3418 Iudicium
1257 3345 1392 3415 Paridis.
1411 3349 1502 3427 »IlI,

396 3460 460 3525 644
486 3479 504 3522 4
522 3458 597 3525 ultis
621 3459 776 3527 montibus
799 3466 918 3528 errant.
946 3481 963 3526 a
988 3461 1025 3527 G.
1049 3463 1106 3542 ΙΙΙ,
1131 3465 1196 3530 273
1229 3484 1246 3528 4
1268 3469 1353 3530 stant
1372 3463 1506 3550 rupibus

396 3573 482 3641 ultis.
506 3593 524 3638 »
544 3574 580 3640 A.
600 3576 653 3655 lV,
675 3577 733 3670 684
760 3596 777 3640 4
800 3576 865 3644 olto
884 3574 1041 3665 quaesivit
1060 3579 1143 3644 coelo
1161 3577 1278 3647 lucem.
1306 3599 1324 3644 a
1349 3581 1419 3660 llll,
1439 3580 1505 3645 244

398 3692 566 3758 «Iuturna
578 3689 642 3758 ulto
662 3687 716 3758 dat
735 3689 864 3780 signum
888 3693 982 3760 coelo.
1009 3695 1116 3774 amr,
1137 3695 1202 3762 357
1222 3715 1239 3760 4
1261 3697 1446 3763 lluoronem
1463 3731 1503 3741 —

396 3806 460 3873 ulto
488 3803 581 3895 tingit
612 3805 776 3892 lupulo.»
806 3809 869 3874 365
905 3828 923 3872 4
959 3809 1002 3876 44
1033 3807 1120 3876 velut
1146 3807 1249 3878 Edoni
1279 3813 1399 3879 Boreae
1431 3827 1505 3877 cum

398 3917 530 4008 spiritus
563 3921 628 3988 ulto
660 3905 793 3989 lnsonat
823 3924 952 4006 Aepueo.
980 3943 997 3986 »
1025 3920 1090 4008 (bie
1127 3921 1258 4011 quidem
1292 3924 1357 3991 ulto
1389 3925 1506 4009 Aepuec

396 4054 456 4124 pro
475 4033 581 4105 dativo
600 4033 640 4104 ab
658 4037 784 4104 lusouut
806 4035 967 4125 pendente
987 4035 1097 4106 baberi
1120 4037 1250 4127 possit).
1274 4043 1338 4107 939
1357 4061 1375 4105 4
1398 4037 1507 4107 inleliu

395 4170 502 4219 unuro
526 4171 600 4220 cum
625 4152 774 4242 apparuit
803 4154 868 4220 olto
903 4151 1044 4222 Balteus.
1076 4176 1093 4220 »
1132 4157 1167 4222 A.
1203 4158 1256 4238 lv,
1289 4159 1354 4224 ·l87
1381 4177 1398 4222 4
1423 4159 1507 4225 Luce

397 4266 486 4336 sedet
503 4276 612 4338 custos
632 4277 687 4337 aut
711 4269 829 4338 summi
853 4271 988 4338 culmine
1010 4271 1093 4351 tecti,
1130 4273 1286 4339 Turribus
1306 4279 1361 4340 aut
1378 4273 1464 4339 ultis.
1487 4294 1505 4338 u

396 4384 451 4460 Ill,
476 4384 539 4449 474)
567 4403 585 4448 4
610 4385 754 4451 turribus
781 4384 854 4452 utris
889 4390 974 4452 stant
1000 4383 1125 4454 maesti.
1149 4405 1167 4451 u
1200 4387 1239 4466 ll,
1267 4389 1321 4452 l2l
1349 4406 1366 4450 4
1399 4383 1506 4454 lliseri

397 4504 483 4566 stant
508 4499 651 4566 turribus
669 4499 744 4567 ultis
773 4497 1004 4589 Nequicquam.
1037 4503 1127 4568 u'A.
1163 4504 1214 4581 Vl,
1245 4504 1307 4568 603
1339 4521 1357 4564 4
1386 4502 1507 4568 Lucent

395 4611 575 4703 genialibus
598 4614 672 4682 ultis
695 4615 799 4684 Aurea
825 4612 925 4696 lulcra
943 4614 1031 4682 toris.
1066 4637 1084 4681 »
1113 4618 1168 4697 Ill,
1201 4619 1265 4686 348
1301 4637 1319 4681 4
1351 4615 1504 4704 comtibus
