3528 5604
714 635 885 702 ...gr-

249 817 312 882 672
328 835 346 879 a
364 809 501 904 [6666
520 812 559 882 ad
578 814 701 886 eaelum
720 813 863 884 undabat
881 820 989 882 vertex
1010 836 1028 881 »
1058 815 1113 902 (z
1132 824 1241 886 vertex
1258 814 1351 886 llam-

249 949 387 1012 marum,
412 929 451 999 cl.
469 929 673 1000 flammarum
699 929 828 1022 globos;
846 932 884 1019 a)
914 933 996 1014 VIII,
1017 934 1080 999 694
1101 953 1119 998 a
1139 934 1206 1001 tetis
1224 932 1351 1002 volatile

248 1045 370 1115 ferrum
391 1068 409 1112 »
425 1048 482 1135 (ee
496 1045 660 1134 telorum).

292 1164 468 1247 Ablatirus,
488 1172 525 1234 ut
549 1184 587 1235 ex
616 1163 695 1235 locis
726 1164 830 1235 allatis
850 1172 948 1254 patet,
970 1185 1035 1234 nnn
1055 1165 1200 1255 proxime
1228 1167 1351 1238 nomini

195 1329 199 1334 -
249 1280 465 1371 subiungitur,
482 1279 540 1350 sed
552 1260 768 1351 intercedente
783 1279 963 1372 participio,
984 1281 1158 1365 relambo,
1176 1303 1240 1373 quo
1259 1283 1352 1374 quasi

249 1394 418 1467 adiuvatur
435 1406 467 1467 et
484 1396 624 1468 fulcitur.
653 1401 691 1468 In
715 1396 775 1468 hac
789 1396 1026 1468 constructione
1058 1418 1175 1490 magna
1199 1398 1352 1470 orationis

249 1509 409 1582 subtilitas
428 1511 558 1585 residet.

517 1911 582 1996 65.
604 1945 644 1959 -
669 1909 843 1980 Gunnrrvus
863 1925 1072 1981 rossassrvus.

292 2216 336 2283 Ite
353 2213 414 2283 boa
433 2212 570 2306 genetivi
600 2232 663 2284 usu
680 2211 758 2282 nihil
779 2211 867 2304 quod
887 2211 928 2282 sit
946 2210 1084 2304 Vergilio
1105 2209 1272 2302 proprium
1301 2210 1351 2280 in-

249 2348 334 2399 rena

293 2448 394 2534 Saepe
415 2443 455 2515 ad
477 2444 633 2536 originem
660 2453 692 2514 et
709 2442 982 2535 propinquitatem
1015 2441 1258 2534 designandam,
1295 2461 1352 2533 pa·
1408 2463 1409 2466 ¹

250 2565 372 2628 rentem
390 2558 580 2649 praesertim
599 2557 812 2640 et'maritum,
834 2557 957 2628 nomini
976 2557 1107 2648 proprio
1127 2556 1213 2627 aliud
1233 2576 1351 2627 nomen

249 2673 417 2765 proprium
436 2693 495 2764 per
510 2673 651 2765 ellipsim
672 2673 705 2743 in
720 2673 866 2765 genetivo
882 2672 1099 2764 subiungitur,
1125 2671 1352 2764 appellativum

249 2792 346 2879 filias,
370 2792 498 2872 coaiaa,
519 2798 594 2872 eta,
621 2789 791 2862 omittitur.
811 2792 846 2858 d.
865 2792 923 2872 III,
944 2794 1007 2859 ote
1033 2811 1050 2855 a
1070 2791 1211 2859 Hectoris
1228 2791 1352 2858 Aedro-
1416 2834 1418 2838 -

250 2909 393 2976 macic»
418 2908 478 2994 (sc.
497 2908 593 2994 uxor)
611 2899 640 2988 I,
667 2909 702 2974 It
734 2928 751 2972 a
770 2908 856 2976 diac
877 2906 955 2975 Oilei
980 2928 998 2972 >›
1022 2907 1082 2993 (sc.
1103 2904 1215 2993 lilius).
1236 2908 1288 2988 VI,
1309 2909 1351 2974 36

251 3044 269 3088 a
294 3023 444 3110 Daiptobc
463 3023 577 3092 Glauci
597 3023 657 3109 (sc.
687 3019 780 3109 lilia).
812 3025 848 3090 E.
869 3023 922 3103 VI,
948 3024 989 3090 ΙΙ
1010 3043 1028 3087 a
1049 3019 1132 3103 Quid
1164 3020 1279 3111 loquar
1297 3028 1353 3092 aut

248 3139 386 3226 saptiam
398 3139 496 3207 Nisi?
516 3139 587 3205 »6.
606 3140 633 3219 Ι,
651 3140 714 3204 l38
734 3158 752 3203 a
770 3135 889 3206 claram
908 3137 1060 3224 Lycaonis
1075 3138 1204 3206 Arctoa.
1223 3159 1241 3204 s

294 3253 379 3321 Haec
396 3251 535 3343 regentis
552 3250 693 3322 nominis
711 3249 833 3340 ellipsis
850 3249 946 3346 etiam
964 3250 997 3319 in
1014 3270 1112 3341 prosa
1129 3249 1273 3321 oratione
1291 3248 1353 3320 fre·
1466 3325 1469 3334 Ι

251 3373 386 3456 quanter
401 3367 550 3437 occurrit.
565 3367 628 3437 Cic.
644 3370 734 3436 Verr.
749 3368 801 3448 IV,
823 3370 866 3434 62
887 3388 905 3432 «
925 3367 1081 3435 Diodorus
1103 3367 1306 3436 Timarchidi.
1334 3390 1351 3434 »

251 3481 410 3551 DeDlvin.
428 3486 454 3551 Ι.
475 3485 572 3552 lida
593 3483 908 3552 Caeciliam-Metelli.
931 3481 1034 3551 »nia
1054 3485 1146 3564 IIIIV,
1169 3485 1211 3552 32
1230 3504 1248 3550 a
1269 3486 1354 3551 Has·
1432 3525 1434 3530 -
1510 3497 1514 3506 ·

250 3599 366 3667 drabal
381 3599 534 3685 Hisponis.
553 3621 571 3666 »
594 3600 732 3680 XXVIII,
756 3601 797 3667 62
822 3619 840 3664 a
859 3599 1044 3667 Hasdrubal
1055 3598 1263 3667 Hamilcaris.
1282 3597 1351 3668 Val.

251 3718 332 3783 Max.
355 3717 407 3796 VI,
429 3716 460 3796 7,
487 3719 499 3782 l
526 3736 543 3780 a
565 3718 665 3784 Mater
678 3713 839 3784 Corneliae
857 3714 1074 3782 66666666
1092 3736 1110 3781 »
1130 3716 1190 3802 (sc.
1212 3713 1358 3802 matris).-

292 3837 353 3903 Pro
373 3832 519 3924 genetivo
536 3831 722 3923 possessivo
741 3832 869 3922 saepius
884 3840 998 3923 poetae
1021 3831 1213 3903 adiectivum
1233 3853 1274 3903 ex
1293 3853 1353 3904 no·

252 3947 338 4018 mine
357 3947 556 4038 possessoris
573 3946 747 4019 deductum
762 3957 932 4039 usurpant.
953 3952 989 4016 II.
1010 3951 1064 4031 ΙΙΙ,
1088 3951 1128 4017 ΙΙ
1147 3971 1165 4015 «
1181 3953 1260 4019 Ecce
1277 3951 1353 4018 Dio-

251 4066 323 4133 aaai
340 4063 497 4154 processit
510 4067 653 4134 Caesaris
672 4072 808 4136 astrum.
826 4066 862 4133 Α.
878 4069 962 4147 VIII,
981 4069 993 4132 l
1016 4087 1034 4132 a
1053 4066 1166 4134 Amaia
1180 4068 1307 4137 matria.
1334 4091 1352 4135 >›

252 4183 291 4261 II,
312 4184 354 4248 39
386 4201 404 4247 a
433 4182 616 4250 Euandrius
638 4183 730 4253 6666.
760 4203 779 4248 ›>
811 4179 879 4251 Illis
900 4180 1064 4252 adiectivis
1091 4182 1283 4273 possessivis
1315 4204 1354 4254 ex

252 4293 421 4365 hominum
448 4295 648 4387 deorumque
665 4298 852 4370 nominibus
871 4297 1016 4368 deductis
1034 4297 1086 4367 vir
1100 4301 1237 4390 prosaici
1252 4301 1355 4393 scrip-

252 4419 339 4481 tores
351 4419 497 4483 utuntur.
512 4416 548 4480 I.
565 4416 622 4497 III,
638 4417 702 4488 428
716 4437 734 4481 a
748 4414 898 4507 Coniugis
910 4418 1087 4485 Hectoreae.
1104 4421 1168 4487 602
1183 4440 1201 4484 a
1216 4417 1287 4488 Soio
1301 4438 1355 4488 me

253 4531 407 4598 Daaaise
425 4527 583 4599 classibus
599 4550 746 4604 unum.»
765 4537 803 4616 V,
819 4536 861 4603 26
882 4537 1062 4622 «fraterna
1079 4534 1188 4625 Erycis
1208 4533 1312 4605 litora.
1335 4555 1354 4603 a
1536 4591 1538 4594 .

253 4647 308 4731 III,
330 4649 387 4717 lat
414 4647 713 4736 «Apamemmaiaa
731 4651 900 4721 Orestes.»
934 4649 980 4721 Gi.
1001 4653 1081 4724 Hor.
1101 4651 1161 4724 oa.
1185 4655 1212 4736 I,
1238 4657 1292 4738 t5,
1313 4655 1355 4725 36

1198 4793 1214 4842 ll
