3528 5604
773 729 923 802 ..7-

296 916 398 990 eenda
418 915 567 990 estillius
593 914 714 1008 lingua,
735 935 818 1008 quae
846 913 1015 1008 peculiaris
1045 923 1094 986 est
1123 923 1155 986 et
1181 915 1324 1008 propria.
1355 921 1396 988 Ut

204 1019 208 1030 ’
296 1033 382 1106 enim
408 1040 521 1124 poetae
546 1031 711 1124 ingenium
739 1031 779 1102 ab
809 1039 989 1103 ceterorum
1018 1031 1158 1122 ingeni0,
1179 1032 1226 1103 sic
1247 1041 1279 1103 et
1308 1031 1395 1104 illius

297 1150 407 1242 lingua
429 1148 469 1218 ab
491 1157 671 1220 ceterorum
692 1148 802 1240 lingua
824 1148 1041 1241 distinguitur.
1063 1155 1233 1221 Poetarum
1258 1150 1395 1222 elocutio

297 1266 337 1337 ab
354 1264 533 1336 elocutione
552 1264 744 1356 scriptorum
766 1263 800 1335 in
827 1265 933 1336 soluta
946 1265 1090 1337 oratioue
1104 1264 1196 1337 valde
1210 1266 1369 1358 discrepat
1385 1291 1394 1350 ;

297 1390 329 1452 et
353 1380 470 1452 iterum
496 1379 615 1472 singuli
632 1388 746 1472 poetae
765 1387 797 1451 et
820 1399 937 1472 prosae
954 1381 1108 1452 orationis
1123 1381 1296 1473 scriptores
1313 1381 1397 1452 inter

299 1517 334 1568 se
351 1495 536 1568 dissimiles.
556 1496 720 1568 Lucretius
738 1495 902 1588 propriam
920 1496 1145 1580 elocutionem,
1165 1517 1248 1588 quae
1262 1496 1396 1589 propius

298 1611 338 1682 ad
360 1619 500 1683 veterem
521 1611 649 1703 linguae
666 1611 784 1682 latinae
804 1630 928 1683 morem
946 1612 1077 1696 accedit,
1099 1610 1278 1703 usurparit,
1300 1608 1397 1701 paulo

299 1726 501 1798 audaciorem
519 1734 551 1796 et
569 1725 635 1797 lere
658 1725 856 1810 solutiorem‚
887 1746 968 1818 quae
983 1726 1142 1798 nonnihil
1155 1747 1191 1806 ,a
1219 1725 1399 1818 Vergiliana

299 1842 415 1914 differt.
435 1841 542 1912 Livius
560 1841 711 1914 audacior
729 1850 760 1914 et
777 1842 909 1914 liberior
925 1843 1074 1915 Cicerone
1095 1867 1103 1928 ;
1124 1851 1293 1935 poetarum
1312 1841 1398 1912 scili-

300 1967 360 2043 cet,
386 1957 514 2051 Vergilii
537 1959 707 2050 imprimis,
732 1959 884 2044 imitator,
910 1959 1011 2030 multa
1033 1959 1162 2031 adhibet
1184 1979 1268 2051 quae
1291 1958 1398 2030 Cicero

300 2073 445 2146 nondum
463 2082 605 2144 noverat.
627 2075 753 2146 Curtius
772 2075 888 2147 iterum
911 2075 1135 2168 grammaticas
1157 2075 1244 2167 leges
1267 2072 1399 2165 proprio

300 2211 390 2262 more
406 2197 462 2261 aut
476 2189 664 2283 constringit
680 2199 736 2261 aut
754 2191 859 2262 solvit.
877 2196 940 2262 Eae
959 2201 1035 2262 suut
1048 2191 1141 2284 quasi
1154 2200 1261 2274 notae,
1280 2189 1399 2280 quibus

301 2305 437 2397 quisque
455 2312 563 2376 orator
576 2305 626 2376 rel
644 2314 773 2396 poetaa
790 2307 904 2378 ceteris
921 2307 1124 2385 discernitur.

343 2419 380 2489 ld
400 2419 496 2511 igitur
514 2419 605 2490 ualde
619 2421 795 2510 optandum
809 2421 946 2504 videtur,
960 2430 997 2492 ut
1009 2421 1124 2512 cuique
1137 2421 1286 2512 scriptori
1300 2419 1400 2491 latino

301 2533 350 2604 rel
368 2553 481 2626 gracco
500 2535 739 2627 interpretando
758 2536 980 2627 praemittatur
998 2536 1039 2607 do
1056 2537 1126 2607 eius
1140 2536 1269 2628 linguae
1287 2544 1319 2607 et
1333 2534 1400 2606 elo-

278 2686 280 2690 ·
302 2649 438 2721 cutionis
455 2651 716 2742 proprietatibus,
736 2651 798 2735 vel,
818 2651 846 2722 si
865 2652 978 2735 mavis,
1000 2652 1040 2723 de
1058 2651 1128 2723 eius
1144 2652 1276 2743 propria
1292 2671 1401 2743 gram-

302 2765 418 2838 metica
427 2764 614 2857 disputatio.
630 2767 829 2858 Quicumque
842 2767 929 2837 enim
945 2765 1142 2856 antiquitatis
1160 2765 1274 2867 studiis
1292 2764 1401 2835 indul-

302 2887 377 2970 gent
395 2899 460 2951 uno
479 2899 639 2952 consensu
656 2879 795 2951 latentur
808 2880 925 2951 latinae
938 2880 1065 2972 linguae
1079 2859 1318 2972 grammaticam
1331 2887 1400 2949 turn

303 2992 432 3063 demum
446 2993 616 3084 perlectam
630 3002 662 3066 et
674 2994 854 3065 absolutam
868 2995 947 3078 lore,
963 3014 1036 3073 curn
1049 2992 1217 3085 diligenter
1231 2993 1401 3084 investiga-

303 3117 372 3178 tum
394 3108 574 3200 fueritque
596 3110 718 3181 ratione
735 3118 766 3181 ct
784 3131 848 3181 usu
870 3109 996 3180 dicendi
1020 3107 1137 3200 singoli
1158 3106 1400 3199 scriptoresusi

304 3225 432 3296 luerint.
517 3261 519 3264 ·

347 3341 437 3413 Multi
466 3341 529 3412 iam
556 3342 732 3413 doctissimi
755 3341 893 3414 editores
913 3360 988 3412 suas
1007 3341 1200 3432 scriptorum
1227 3339 1400 3411 latinorum

304 3458 459 3530 editiones
477 3457 587 3549 paucis
602 3459 721 3529 notulis
739 3457 1014 3550 praemunierunt,
1033 3477 1115 3549 quac
1129 3456 1221 3548 quasi
1240 3465 1401 3526 armenta·

305 3574 389 3644 rium
401 3573 554 3656 efficiunt,
570 3574 655 3644 unde
670 3594 759 3645 arma
774 3574 958 3665 expediunt,
973 3574 1028 3665 qui
1043 3572 1208 3664 scriptoris
1226 3571 1351 3664 legendi
1370 3581 1402 3642 et

305 3688 483 3781 explicandi
495 3709 577 3779 opus
587 3690 826 3781 aggrediuntur.
836 3689 873 3761 ld
888 3689 960 3760 lecit
970 3689 1003 3759 in
1017 3689 1130 3780 primis
1143 3687 1229 3779 apud
1242 3695 1401 3759 nostrates

305 3806 435 3876 Dubner
448 3805 481 3874 in
495 3805 627 3875 classica
639 3799 736 3876 Taciti
753 3804 904 3876 editione.
921 3805 1063 3876 Taciteae
1076 3803 1162 3874 enim
1176 3803 1401 3896 grammaticae

306 3931 337 3994 et
350 3919 538 3993 elocutionis
548 3939 635 4010 quae
646 3918 776 4010 propria
790 3928 866 3989 sunt
876 3939 941 3990 uno
956 3918 1017 3990 sub
1029 3925 1160 4009 aspectu
1174 3916 1402 4007 compendiose

306 4037 339 4106 in
358 4036 553 4126 praelatione
574 4036 733 4126 exposuit.
759 4035 851 4118 Quod
876 4034 1005 4126 quidem
1028 4035 1200 4105 latinarum
1222 4033 1400 4104 litterarum

306 4151 471 4242 discipulis
485 4171 601 4244 magno
614 4151 797 4221 adiumento
811 4158 870 4233 est,
887 4150 954 4240 qui,
973 4150 1047 4221 licet
1060 4150 1182 4242 vulgari
1196 4147 1402 4240 grammatica

307 4267 384 4337 satis
399 4266 546 4349 instituti,
563 4285 658 4356 saepe
671 4273 778 4335 tamen
795 4265 827 4334 in
841 4265 1027 4355 explicanda
1040 4263 1279 4336 constructione
1289 4261 1400 4333 haere-

306 4382 398 4465 bunt,
415 4382 477 4452 nisi
495 4381 658 4472 propriam
673 4381 769 4452 Taciti
786 4380 1025 4472 grammaticam
1042 4388 1244 4472 pernoscant.
1260 4377 1400 4448 Eandem

306 4518 374 4570 rem
392 4497 505 4569 maiori
521 4517 619 4587 opera
636 4505 668 4569 et
684 4495 858 4568 subtilitate
875 4503 1050 4569 tractarunt
1064 4501 1201 4587 braeger
1220 4494 1249 4549 (Ι)
1270 4503 1302 4566 et
1316 4496 1401 4565 Gan-

336 4696 366 4753 (Ι)
381 4695 461 4752 syntax
469 4695 513 4741 und
523 4695 565 4742 Stil
576 4695 613 4742 das
621 4693 714 4748 Tacitus,
724 4693 816 4750 Leipzig,
827 4693 886 4740 llll.
