3528 5604
955 653 1125 722 ..70-

493 835 617 901 tantum
632 831 672 901 ad
692 831 876 924 qualitatem
893 833 1132 917 immanentem,
1161 834 1328 906 sedetiam
1352 835 1392 904 ad
1420 833 1584 926 fugitivum

494 955 612 1017 statum
631 948 886 1040 exprimendum.
901 953 978 1020 Hor.
997 950 1056 1020 0d.
1075 955 1101 1034 l,
1124 956 1177 1033 36,
1195 955 1236 1020 l3
1254 973 1271 1017 u
1287 954 1355 1021 lieu
1367 951 1461 1019 molti
1472 954 1587 1018 Dama-

493 1059 533 1129 lis
550 1063 629 1130 mci
646 1065 781 1132 Bassum
806 1062 950 1134 Threicia
972 1063 1076 1134 vincat
1102 1062 1270 1154 amystide.
1297 1066 1348 1151 (=
1367 1082 1430 1154 que
1448 1061 1586 1132 Damalis

492 1172 574 1244 delio
592 1179 723 1258 Bassus,
743 1175 923 1267 l'iutrepide
940 1177 1088 1267 huveur).
1105 1179 1195 1249 Ovid.
1215 1183 1289 1249 llet.
1309 1181 1388 1260 xlv,
1410 1183 1474 1248 252
1494 1179 1587 1245 «Nl-

491 1291 607 1377 mir'qoe
620 1290 779 1381 Elpenora
791 1294 869 1362 mni.
890 1318 905 1356 v
930 1295 986 1380 (=
999 1293 1054 1384 qni
1069 1294 1153 1363 avait
1169 1302 1242 1384 trop
1256 1294 1328 1383 bu).
1349 1293 1394 1363 of.
1417 1293 1479 1363 Cic.
1498 1297 1585 1362 Fam.

493 1408 546 1488 lll,
558 1411 618 1476 26:
638 1433 653 1470 r
671 1410 739 1478 lion
752 1409 846 1480 molti
859 1408 920 1478 cili
934 1408 1094 1499 hospitem
1108 1409 1256 1500 accipies,
1274 1408 1359 1499 (sed)
1372 1385 1465 1478 multi
1480 1410 1552 1477 ioci.
1570 1431 1587 1475 v

493 1559 534 1570 —
552 1524 632 1592 Nota
649 1520 735 1593 hunc
756 1523 833 1593 Livii
854 1523 1048 1616 singularem
1073 1523 1180 1595 locum
1202 1528 1229 1607 Ι,
1250 1529 1304 1606 59,
1330 1529 1350 1593 8
1382 1551 1397 1589 l
1421 1523 1469 1593 lbi
1484 1523 1588 1594 oratio

492 1635 601 1708 habita
613 1657 816 1730 nequaquam
834 1643 901 1709 cios
910 1643 1044 1729 pectoris
1062 1642 1247 1728 imponitque.
1266 1663 1283 1708 v
1305 1641 1360 1727 (=
1376 1667 1391 1704 «
1416 1644 1534 1710 Brutus
1553 1638 1593 1709 fit

491 1771 536 1820 un
554 1749 700 1822 discours
730 1753 786 1844 qui
819 1753 992 1826 dementait
1024 1755 1054 1826 le
1070 1754 1228 1827 caractere
1260 1755 1338 1845 qn’il
1371 1755 1453 1826 avait
1473 1754 1593 1824 simule

486 1868 606 1960 J'usque
623 1868 664 1940 la.
688 1872 719 1959 v)

532 1987 570 2055 In
587 2003 625 2054 eo
640 1983 798 2075 discrepat
824 1985 989 2077 genetivus
1003 1985 1043 2055 ab
1055 1985 1192 2057 ablativo
1208 1986 1383 2078 qualitatis,
1406 1985 1493 2078 quod
1520 1984 1590 2069 ille,

490 2099 545 2189 qui
558 2098 598 2170 ad
612 2100 794 2191 genetivum
799 2102 1014 2191 possessionis
1028 2101 1137 2173 reduci
1149 2110 1266 2192 potest,
1281 2102 1389 2193 potius
1402 2101 1592 2193 qualitatem

489 2215 538 2284 vel
556 2215 783 2306 proprietatem
806 2216 966 2307 exprimit,
995 2237 1077 2307 quae
1102 2218 1194 2308 quasi
1217 2217 1321 2309 ipsam
1346 2237 1518 2308 personam
1537 2219 1591 2287 vel

489 2350 558 2401 rem
576 2331 740 2403 constituit
754 2339 786 2402 et
801 2332 835 2401 in
854 2351 892 2403 ea
905 2333 1097 2424 implicatur,
1117 2333 1162 2403 ita
1178 2343 1215 2405 ut
1242 2355 1280 2405 ea
1298 2354 1350 2404 res
1368 2334 1416 2404 vel
1434 2353 1588 2424 persona,

489 2445 573 2516 sica
589 2446 740 2536 qualitate
754 2456 886 2531 careret,
907 2467 972 2518 non
989 2449 1054 2518 iam
1069 2458 1155 2519 esset
1172 2448 1203 2519 id
1223 2449 1311 2539 quod
1325 2458 1397 2530 est;
1429 2448 1587 2518 ablativus

489 2581 575 2644 vero,
591 2561 647 2651 qui
663 2561 703 2632 ad
720 2563 783 2632 ahl.
804 2563 974 2634 comitatus
992 2563 1126 2655 propius
1145 2563 1276 2646 accedit,
1297 2564 1482 2655 qualitatem
1501 2563 1588 2634 desi-

488 2685 575 2767 gnat,
591 2697 688 2768 quam
715 2679 768 2749 ille
782 2679 837 2771 qui
863 2679 1006 2770 loquitur
1024 2680 1070 2750 rei
1085 2680 1133 2750 vel
1159 2699 1317 2770 personae
1344 2679 1448 2769 ipsius
1466 2679 1587 2750 occulis

489 2792 674 2863 obversatae
693 2802 845 2884 tanquam
865 2794 985 2886 aliquid
1017 2804 1180 2884 exterum
1201 2795 1249 2866 vel
1276 2793 1444 2865 fortuitum
1477 2793 1587 2885 fugiti-

488 2928 628 3000 vumque
662 2909 815 2981 attribuit.
851 2911 1022 2982 Genetivus
1058 2930 1133 3002 ergo
1157 2931 1211 2981 eas
1234 2911 1385 3001 exprimit
1415 2908 1586 3000 qualitates

468 3067 470 3072 .
489 3043 570 3114 qnae
589 3025 628 3094 ad
647 3024 750 3115 ipsam
769 3025 816 3096 rei
830 3025 879 3095 vel
893 3045 1049 3116 personae
1076 3033 1236 3108 naturam,
1255 3025 1319 3095 abl.
1338 3045 1414 3096 vero
1431 3045 1485 3095 eas
1502 3045 1588 3115 quae

488 3137 615 3209 adeius
633 3139 770 3230 speciem
785 3138 955 3230 pertinent.
974 3143 1074 3230 Saepe
1092 3148 1198 3212 tamen
1222 3148 1359 3231 uterque
1374 3160 1469 3211 casus
1494 3139 1587 3212 nullo

490 3255 729 3348 significationis
746 3255 930 3327 discrimine
949 3256 1129 3328 adhibetur.

608 3639 627 3726 ξ
645 3641 677 3708 3.
699 3676 739 3688 -
759 3640 932 3710 Gruurrvus
950 3655 1145 3711 arrosrrrvus
1163 3655 1200 3707 ar
1218 3655 1452 3708 rruurorrucos.

531 3943 562 4008 ls
579 3948 628 4010 est
645 3939 809 4031 genetivus
828 3939 895 4030 qui,
916 3938 1038 4009 nomini
1056 3939 1235 4030 appositus,
1256 3939 1326 4009 eius
1345 3938 1509 4009 notionem
1526 3960 1582 4031 ge—

488 4055 627 4126 neralem
646 4054 767 4125 definit.
793 4054 996 4146 Appositivus
1023 4064 1176 4137 vocatur,
1195 4054 1271 4145 quia
1286 4054 1365 4124 haec
1387 4055 1581 4126 constructio

486 4171 632 4262 proxime
649 4170 688 4240 ad
706 4170 940 4262 appositionem
957 4169 1105 4260 pertinet,
1127 4171 1225 4241 immo
1246 4179 1295 4240 est
1309 4170 1466 4261 quaedem
1481 4191 1581 4261 appo-

487 4285 610 4356 sitionis
635 4284 768 4376 species.
793 4306 810 4350 «
834 4269 920 4354 unit
941 4285 1038 4354 mellis
1061 4287 1204 4354 coelestio
1225 4286 1308 4354 douo
1325 4307 1342 4351 »
1358 4315 1391 4337 =
1405 4284 1490 4355 dona
1508 4304 1580 4355 cac-

487 4401 578 4472 lestia
596 4420 678 4493 quae
703 4408 779 4472 sunt
803 4400 867 4471 mel
892 4402 1038 4483 aerium;
1064 4423 1082 4468 «
1105 4421 1255 4472 uumerus
1287 4413 1527 4472 trecentorum»
1546 4435 1580 4456 =

485 4518 616 4589 trecenti
635 4541 652 4585 u
671 4519 773 4589 circos
787 4520 990 4606 continentior
1004 4542 1023 4587 »
1036 4549 1069 4572 =
1083 4519 1184 4589 virtus
1197 4518 1402 4590 continentia.

525 4634 687 4705 Posterius
705 4641 811 4706 autem
836 4653 1008 4705 nomenco
1026 4633 1058 4722 in
1077 4633 1222 4725 genetivo
1238 4635 1380 4725 ponitur,
1407 4635 1493 4729 quod
1512 4635 1577 4706 duo
