3490 5604
668 653 861 718 -tctt—

211 829 364 902 omnibus
380 829 535 902 omnium
558 837 700 901 aetatum
725 827 937 921 scriptoribus
960 826 1090 910 usitata,
1122 827 1188 898 lere
1209 829 1315 899 solaa

212 946 316 1036 poetis
331 953 518 1037 usurpatur.
539 948 659 1016 lietera
675 945 742 1016 lere
757 963 925 1036 nunquam
944 942 986 1014 ad
1004 942 1245 1035 possessionem
1259 963 1315 1015 33-

213 1061 415 1152 primendam
434 1061 617 1132 adhibetur·

256 1181 325 1248 lton
338 1175 450 1248 eadem
465 1185 515 1247 est
532 1186 640 1247 tamen
655 1177 787 1248 omnino
800 1176 937 1270 genetivi
952 1185 984 1247 et
997 1175 1095 1247 dativi
1109 1175 1313 1268 significatio:

215 1293 381 1384 genetivus
397 1314 611 1383 possessorem,
629 1293 758 1365 dativus
775 1315 842 1364 rem
851 1285 1022 1384 possessam
1034 1291 1142 1384 potius
1153 1292 1314 1384 exprimit.

259 1413 367 1501 ltaque
397 1408 503 1482 solum
522 1409 563 1480 ad
590 1429 698 1480 veram
717 1410 959 1500 possessionem
978 1407 1221 1500 exprimendam
1239 1408 1318 1479 13333

215 1523 313 1595 dativi
337 1523 532 1596 constructio
557 1524 652 1608 valet,
683 1523 740 1596 sed
763 1524 859 1596 etiam
885 1523 1104 1616 metaphorico
1128 1543 1227 1596 sensu
1253 1523 1318 1594 tre·
1351 1573 1354 1580 -

216 1661 320 1732 quens
338 1661 358 1711 3
377 1640 481 1732 poetis
501 1639 671 1711 adhibetur
690 1640 730 1711 ad
749 1641 867 1712 mentis
887 1641 1031 1724 allectus,
1050 1651 1106 1710 aut
1123 1639 1268 1731 corporis
1286 1649 1319 1711 et

212 1751 312 1822 animi
340 1751 509 1843 qualitates
539 1751 750 1842 virtutesque,
776 1753 826 1824 vel
858 1750 997 1843 don-ique
1026 1751 1123 1822 etiam
1149 1751 1319 1823 interiores

214 1865 386 1937 relationes
405 1865 602 1938 indicandas.

259 1987 295 2051 E.
320 1986 346 2066 1,
368 1987 414 2052 83
437 2005 456 2050 3
479 1987 560 2053 Sunt
581 1985 668 2054 cotis
690 1983 781 2054 mitia
803 2003 911 2075 poma.
938 2008 957 2053 3
980 1989 1018 2068 V,
1046 1988 1088 2054 74
1113 2006 1131 2051 3
1153 1987 1239 2054 Haec
1263 1983 1321 2052 tili

212 2117 342 2189 semper
359 2106 464 2168 erunt.
485 2121 503 2166 »
520 2101 558 2166 G.
579 2103 632 2182 IV,
656 2105 720 2170 tas
740 2122 758 2167 3
779 2102 839 2169 Gai
857 2121 960 2190 pauca
978 2099 1080 2171 relicti
1098 2104 1215 2192 iugera
1231 2097 1319 2170 ruris

214 2222 318 2284 erant.
344 2237 363 2282 »
392 2216 429 2282 A.
459 2217 511 2294 ΙΙΙ,
545 2217 608 2284 673
636 2237 655 2282 3
687 2219 867 2286 Monstrum
893 2218 947 2286 cot
973 2225 1053 2307 quot
1081 2223 1158 2287 sunt
1184 2233 1320 2312 corpore

215 2331 357 2420 plumae,
373 2335 432 2400 Tot
444 2328 556 2421 vigiles
570 2329 684 2401 occuli.
705 2337 802 2401 »625
818 2354 836 2399 3
852 2336 933 2415 lton,
952 2335 1032 2401 miti
1051 2332 1076 2402 si
1098 2332 1228 2425 linguae
1245 2351 1321 2403 cen-

216 2453 287 2515 tum
305 2444 370 2515 sint
386 2464 507 2536 oraque
521 2454 663 2516 centum·
681 2469 699 2514 »
718 2452 757 2530 Χ,
777 2451 841 2518 337
862 2471 880 2516 3
895 2452 977 2519 Sunt
994 2448 1066 2518 auri
1085 2447 1231 2540 pondera
1248 2446 1321 2516 lacti

218 2560 391 2652 intactique
407 2563 497 2630 miti.
519 2565 555 2644 ΙΙ,
577 2567 641 2632 336
663 2585 680 2630 3
701 2563 750 2646 ΙΙΙ,
772 2565 885 2651 quitus
904 2563 1077 2655 imperium
1095 2571 1145 2634 est
1162 2561 1278 2654 pelagi.
1302 2585 1320 2630 »

219 2681 255 2746 Α.
276 2681 317 2760 ΙΙ,
339 2681 401 2746 mc
422 2699 440 2744 3
460 2681 530 2746 Una
548 2677 637 2747 salus
654 2681 802 2748 emtores
824 2678 896 2749 erit.
918 2702 936 2748 3
956 2684 1009 2763 ΙΧ,
1032 2685 1095 2750 ma
1114 2701 1133 2746 3
1152 2682 1212 2749 llis
1231 2698 1323 2748 amor

219 2813 305 2863 unus
321 2782 404 2862 'erat
422 2813 441 2860 3
460 2795 486 2874 Ι,
506 2796 569 2862 336
589 2815 608 2860 3
626 2795 804 2880 Vlrptuitcs
825 2796 928 2883 Tyriis
940 2814 1013 2866 mos
1031 2803 1080 2865 est
1096 2802 1221 2886 gestare
1240 2793 1322 2884 pha-

220 2920 351 2984 retram.
369 2933 386 2979 3
404 2915 472 2993 llll,
489 2915 531 2980 38
552 2933 570 2977 3
590 2911 652 2992 Qui
671 2914 761 2981 Lutto
783 2911 916 3002 antiquo
934 2911 1032 2982 luerit
1050 2919 1164 2982 status.
1185 2933 1204 2980 »
1223 2915 1259 2980 E.
1278 2914 1320 2993 ΙΙ,

220 3029 263 3096 ta
282 3048 300 3092 3
320 3029 430 3096 Honos
448 3024 509 3095 erit
525 3026 599 3093 tecte
618 3044 747 3115 quoque
761 3046 864 3114 pomo.
887 3049 905 3093 3
931 3028 969 3094 Α.
997 3030 1034 3108 ΙΙ,
1062 3030 1125 3096 333
1145 3048 1164 3093 3
1184 3024 1216 3094 Si
1236 3033 1325 3095 tanta

221 3150 298 3212 sunt
322 3140 465 3232 praemia
481 3142 583 3210 oletis.
609 3163 627 3208 3
657 3144 715 3223 ΙΙΙ,
746 3145 803 3210 ΙΙΙ
838 3163 857 3208 3
884 3145 992 3232 Ecqua
1016 3151 1125 3212 tamen
1145 3161 1245 3232 puero
1275 3149 1325 3211 est

222 3245 360 3328 amissae
389 3255 696 3346 comparentis.»
725 3260 764 3340 ΙΙ,
799 3262 862 3326 ute
888 3280 907 3325 3
931 3261 1001 3328 lton
1031 3260 1091 3328 ulli
1120 3267 1170 3330 est
1197 3257 1325 3328 animus

223 3371 332 3442 stricto
352 3390 542 3442 concurrere
556 3371 652 3442 lerro.
674 3395 692 3439 3
712 3375 748 3440 Α.
762 3377 799 3442 ΙΙ.
817 3377 881 3442 398
900 3395 918 3440 3
935 3371 968 3442 si
981 3375 1061 3443 mitt
1079 3373 1258 3446 nuncioret
1271 3372 1327 3443 ilia

224 3489 382 3559 iuvantes.
406 3511 424 3556 3
443 3491 481 3564 G.
502 3490 544 3570 ΙΙ,
567 3491 630 3556 378
654 3510 673 3554 3
693 3491 780 3568 Quae
799 3487 918 3560 robora
936 3491 1059 3578 cuique,
1081 3489 1274 3581 quis-color,
1295 3497 1327 3560 et

219 3625 306 3695 3333
322 3605 364 3676 sit
376 3605 474 3675 rebus
488 3612 603 3675 natura
616 3603 800 3676 terendis.»
820 3608 858 3676 G.
872 3610 929 3689 ΙΙΙ,
943 3610 985 3676 5l
1014 3611 1124 3677 «Tum
1138 3606 1234 3700 longo
1253 3605 1326 3677 nul-

223 3719 276 3790 lus
292 3723 386 3791 toteri
399 3719 527 3792 modus.
542 3744 560 3789 »

269 3839 350 3906 Tum
364 3835 498 3907 verbum
514 3857 574 3904 esse
590 3833 749 3906 omittitur
760 3838 796 3906 l.
814 3837 897 3919 ltili,
917 3841 930 3905 t
939 3840 980 3906 cr
997 3859 1015 3904 3
1029 3839 1115 3909 Huic
1128 3835 1294 3908 liliosum
1308 3859 1327 3906 »

226 3953 283 4039 (=
306 3949 393 4021 lilius
412 3950 536 4040 huius).
551 3951 692 4035 Servius,
717 3957 907 4044 WagneruS,
923 3952 1117 4046 Forbigerus
1137 3953 1297 4045 explicant
1317 3977 1325 4024 :

227 4065 301 4138 huic
324 4088 390 4137 una
405 4097 447 4126 =
465 4087 531 4136 333
552 4087 625 4136 cum
647 4066 719 4138 hoc.
744 4067 894 4139 Benoisto
913 4069 1016 4160 magis
1035 4069 1139 4161 placet
1152 4071 1226 4139 truie
1244 4072 1329 4158 fitius

228 4209 271 4242 =
288 4183 358 4252 eius
375 4181 421 4252 fil.
438 4183 521 4265 vul,
540 4186 604 4251 vta
621 4205 639 4250 3
659 4181 815 4254 Omnibus
836 4183 870 4253 in
890 4185 1019 4275 templis
1036 4193 1177 4255 matrum
1195 4183 1326 4268 chorus,

227 4299 371 4369 mntem
400 4317 526 4367 3333.»
558 4298 614 4385 t:
639 4293 800 4367 Vulcanus
830 4306 896 4367 arte
926 4318 987 4368 sua
1011 4306 1085 4369 ante
1106 4297 1228 4389 templa
1256 4319 1329 4368 aras

229 4409 417 4496 caelaverat,
446 4413 491 4483 ita
513 4421 552 4482 ut
574 4412 692 4503 cuique
717 4411 837 4503 templo
867 4433 927 4484 sua
949 4413 991 4485 sit
1013 4416 1095 4504 ara).
1120 4413 1179 4484 Hic
1201 4414 1241 4484 do
1264 4413 1329 4484 aris

229 4530 346 4621 agitur,
377 4527 413 4599 in
441 4525 560 4620 quihus
586 4528 765 4601 hostiarum
794 4529 916 4604 viscera
947 4530 1153 4604 torrebantur
1183 4541 1215 4603 et
1246 4549 1330 4624 quae

230 4643 339 4737 reipsa
353 4651 429 4716 tunc
443 4643 799 4738 antetemplastabant.
936 4691 968 4710 ι.
1043 4687 1045 4694 1
