3490 5604
675 586 868 654 -llt-

218 765 358 835 babendo
371 783 547 858 ensemque
561 765 815 858 clipeumque.»
838 762 1007 855 Heynius:
1036 784 1055 830 «
1069 774 1160 852 optut
1174 763 1322 844 babendo,

219 880 262 950 ad
281 880 477 966 habendum,
498 881 531 952 b.
561 903 590 952 e.
622 892 659 954 ut
677 882 791 956 heberi
809 881 979 956 commode
1007 899 1108 950 manu
1138 898 1174 949 ae
1199 877 1326 950 tractari
1440 969 1446 980 .

220 997 337 1088 possit.
355 1021 373 1066 u
390 997 491 1068 Ceteri
511 997 705 1069 recentiores
720 998 860 1071 editores
879 1017 953 1068 cum
966 995 1091 1085 Heynio
1109 995 1324 1067 consentiunt.

222 1111 267 1181 cl.
289 1112 351 1182 Cic.
373 1117 462 1182 Fam.
493 1116 550 1196 ΙΙΙ,
570 1119 590 1182 8
611 1137 629 1180 «
648 1116 796 1184 Solceudc
816 1112 959 1184 civitates
978 1132 1044 1184 non
1063 1120 1154 1183 erant
1175 1134 1193 1179 »
1211 1143 1247 1166 =
1261 1131 1326 1182 non

222 1234 371 1318 poterent
388 1228 533 1298 debitum
548 1229 684 1300 solvere.

266 1342 445 1435 Aliquando
464 1344 572 1427 etiam,
596 1345 683 1436 apud
702 1345 770 1415 Liv.
791 1343 964 1435 imprimis,
989 1342 1060 1414 sine
1086 1341 1184 1414 verbo
1202 1340 1328 1412 dativus

223 1458 391 1550 gerundivi
417 1457 616 1530 substantivo
652 1458 863 1550 subiungitur
883 1456 1087 1530 :decemviri
1108 1459 1224 1544 lapibus
1248 1458 1329 1527 scri-

224 1576 352 1658 bendic3
373 1583 501 1647 curator
515 1578 618 1646 muris
632 1577 817 1665 repetendis.
834 1575 901 1645 le.
918 1579 960 1658 ΙΙ,
981 1580 1001 1644 8
1019 1595 1038 1642 «
1053 1572 1199 1644 Valerius
1216 1572 1329 1644 consul

224 1689 354 1760 comitia
370 1693 500 1778 colloque
516 1694 713 1780 subrogando
731 1691 855 1762 habuit.
879 1714 897 1759 r>
918 1689 1011 1782 Apud
1035 1690 1159 1760 Livium
1177 1709 1257 1760 usus
1276 1688 1330 1758 ille

224 1806 392 1896 gerundivi
409 1806 443 1876 in
462 1807 568 1878 dativo
587 1807 884 1899 lnequentissimus,
903 1807 1096 1898 praesertim
1113 1825 1188 1878 cum
1205 1806 1332 1875 comitio

224 1925 347 2004 babere,
372 1924 453 1990 diem
474 1924 620 2006 indicere,
644 1923 747 1992 locum
768 1925 888 2011 eligere,
909 1943 1027 2012 cupere,
1051 1930 1114 1992 eto.
1143 1924 1235 2004 llllll,
1257 1927 1289 2003 5,
1311 1923 1331 1990 2

228 2060 247 2104 «
264 2037 398 2108 Comitia
410 2041 552 2127 poutiltct'
569 2039 711 2108 macinae
730 2041 864 2110 creando
884 2048 961 2108 sunt
979 2037 1098 2108 habita.
1121 2040 1254 2119 nillil,
1276 2041 1330 2118 lo,

228 2155 248 2220 9
268 2173 286 2220 «
304 2151 373 2223 dies
388 2152 568 2242 composita
583 2155 732 2241 qcreudcc
744 2155 803 2223 rei.
822 2176 841 2221 n
860 2157 902 2236 ΙΙ,
922 2159 955 2237 9,
976 2158 996 2222 6
1012 2175 1030 2220 v
1048 2151 1163 2223 divites
1178 2151 1334 2242 quieuere·

227 2271 351 2358 sucum
365 2277 475 2340 essent
490 2292 499 2352 ;
517 2292 535 2337 »
551 2277 585 2340 et
599 2268 734 2360 passim.

132 2413 138 2426 ·
271 2390 333 2457 Pro
351 2384 528 2478 gerundivo
548 2385 751 2478 participium
769 2386 932 2478 praeteriti
956 2386 1069 2458 eadem
1101 2385 1334 2479 significatione

228 2501 439 2574 construitur.
467 2503 544 2573 Geo.
570 2505 612 2584 ΙΙ,
638 2506 741 2571 llo«
772 2505 858 2572 llaec
885 2502 956 2573 loca
983 2522 1048 2574 non
1072 2503 1157 2573 tauri
1175 2503 1334 2594 spirantes

229 2617 363 2688 naribus
381 2617 489 2710 ignem
506 2622 668 2688 Invertere
685 2621 764 2687 sotis
782 2617 932 2689 immanis
951 2619 1092 2688 dentibus
1111 2617 1216 2708 hydri.
1243 2641 1262 2686 >›
1288 2617 1334 2688 Ad
1368 2659 1372 2668 ·

232 2752 328 2824 quem
341 2732 449 2802 locum
466 2732 637 2803 Benoistus
662 2740 747 2802 recte
765 2732 844 2803 haec
858 2733 1001 2804 adnotat.
1018 2738 1093 2804 «Le
1109 2733 1190 2803 datii
1203 2733 1335 2825 indique

232 2867 294 2937 que
306 2847 435 2919 l’aoticn
453 2847 493 2918 de
514 2867 657 2919 semera
680 2849 729 2918 dte
747 2847 778 2918 le
792 2848 851 2919 but
878 2849 996 2941 auquel
1016 2869 1051 2921 se
1064 2849 1231 2920 terminait
1256 2848 1335 2920 celle

232 2963 272 3032 de
291 2962 453 3047 lahomor,
481 2972 514 3035 et
538 2963 655 3054 qu’elle
678 2964 765 3034 aete
783 2964 995 3055 posttrieurc.
1018 2965 1276 3036 Ordinairement
1293 2985 1335 3034 on

233 3078 371 3170 emploie
394 3079 474 3150 dans
500 3079 557 3150 des
577 3101 630 3150 cas
661 3080 855 3152 semblables
873 3081 904 3152 le
928 3081 1083 3173 participe
1113 3080 1333 3172 luturpassil;

233 3194 315 3264 mais
333 3194 597 3266 conmel’action
616 3203 665 3266 est
683 3195 893 3268 entierement
910 3197 1026 3287 passee
1052 3216 1112 3287 pur
1135 3204 1269 3287 rapport
1295 3216 1338 3266 eu

233 3319 379 3381 moment
392 3310 435 3382 od
449 3310 471 3379 il
490 3311 590 3402 parle,
610 3310 640 3381 le
657 3310 751 3402 poete
773 3331 856 3402 epu
874 3319 988 3382 mettre
1007 3312 1039 3392 le¹
1056 3311 1211 3404 participe
1228 3311 1336 3403 passe.

234 3425 408 3518 llnpliquez
427 3445 551 3497 comme
570 3425 619 3496 s'il
638 3447 658 3517 y
684 3426 791 3497 avait:
814 3449 833 3494 «
852 3426 893 3497 ad
913 3427 1067 3498 serendos
1082 3427 1207 3511 dentes,
1226 3426 1339 3518 quales

235 3542 275 3611 ab
288 3545 403 3613 Iasone
417 3549 504 3612 satos
520 3541 714 3633 accepimus.
737 3565 755 3611 >›
775 3547 891 3614 Errant
918 3543 1017 3636 igitur
1034 3544 1091 3636 qui
1106 3545 1339 3616 secludentibus

236 3657 410 3730 ablativum
424 3658 526 3730 absol.
547 3679 618 3730 esse
632 3667 759 3750 putant.

279 3777 349 3845 lton
363 3793 406 3873 ea
424 3783 474 3845 est
499 3774 671 3866 Ladevvigii
697 3773 819 3864 opinio,
852 3775 945 3845 cuius
977 3774 1130 3848 subtilem
1148 3775 1340 3868 interpreto-

235 3890 358 3962 tionem
376 3891 469 3961 liceat
487 3891 538 3962 hic
561 3892 692 3962 referre.
711 3896 827 3962 Censet
844 3894 996 3962 inuertere
1008 3931 1046 3956 ν.-
1066 3893 1205 3977 inarare,
1231 3892 1338 3976 idest,

238 4006 271 4076 in
289 4016 408 4081 tenram
427 4010 548 4081 arando
567 4009 640 4102 alqd
656 4009 865 4081 abscondere.
883 4010 975 4093 Quod
994 4011 1021 4081 si
1036 4011 1083 4081 ita
1101 4010 1339 4102 intellegamus,

238 4123 294 4207 ait,
311 4144 375 4196 uon
391 4124 431 4195 ad
449 4125 482 4196 id
500 4125 691 4196 adducimur
715 4134 752 4201 ut
768 4127 846 4195 sutis
870 4128 1010 4196 dentibus
1028 4147 1088 4218 pro
1116 4129 1252 4197 secedis
1269 4128 1343 4196 dcu-

239 4242 322 4310 tibus
351 4240 473 4311 dictum
504 4261 575 4312 esse
601 4241 806 4312 arbitremur.
841 4241 1002 4312 Debemus
1036 4243 1123 4313 enim
1149 4241 1245 4312 nobis
1267 4251 1343 4314 ante

238 4352 352 4426 oculos
371 4354 528 4427 rationem
543 4356 635 4427 illam
653 4356 764 4427 arandi
782 4376 951 4448 reponere,
970 4378 1038 4449 qua
1063 4380 1095 4429 v.
1119 4379 1152 4452 g.
1167 4358 1343 4431 llartolleln

240 4467 404 4540 ineramus
421 4471 574 4542 :malain
592 4472 734 4562 primum
753 4471 879 4543 sulcum
896 4473 1013 4546 iniecta
1035 4483 1133 4560 terra,
1155 4493 1238 4568 quae
1256 4474 1344 4549 inse·

242 4584 354 4676 quenti
371 4593 474 4664 tractu
490 4586 670 4672 invertitur,
685 4586 892 4679 operiuntur.
908 4609 926 4657 n
1158 4572 1160 4576 ’
