3528 5604
972 529 1143 690 *lif

505 752 818 860 carminaxituperat
836 752 937 844 Epist.
952 756 995 837 ΙΙ,
1011 760 1043 839 l,
1062 758 1126 826 l57
1141 776 1159 822 r
1174 752 1225 824 Sic
1238 751 1389 826 horridus
1403 752 1458 826 ille
1471 755 1612 828 Defluxit

504 889 660 941 numerus
679 869 900 942 Saturnius.»
919 868 1041 962 Lingua
1058 870 1143 942 enim
1164 877 1240 941 ωηο
1259 870 1349 941 rudis
1369 879 1401 942 et
1419 871 1550 955 inculta,
1569 877 1612 942 'ut

504 995 537 1058 et
553 984 721 1058 bominum
739 1005 846 1057 mores
863 994 894 1057 et
907 985 1021 1057 victus.
1044 984 1286 1077 simplicissima
1302 986 1445 1077 syntaxis
1463 995 1494 1058 et
1512 987 1610 1079 plane

503 1101 699 1204 imperfecta.
719 1101 830 1172 Nullae
852 1100 1094 1173 conformantur
1116 1101 1366 1186 enuntiationes,
1387 1101 1507 1194 quippe
1525 1123 1610 1194 qua-

503 1238 576 1290 rum
591 1226 698 1310 partes
712 1199 806 1288 certis
820 1216 945 1309 legibus
960 1227 992 1288 et
1005 1217 1110 1289 modis
1126 1218 1209 1288 inter
1223 1237 1258 1288 se
1272 1237 1337 1288 nou
1356 1218 1606 1310 coniungantur

503 1317 586 1416 Quin
602 1340 634 1405 et
648 1332 770 1404 nullam
786 1341 909 1404 certam
918 1333 1088 1405 formulam
1108 1333 1330 1427 rationemque
1351 1333 1512 1404 scribendi
1530 1343 1608 1403 ωηο

502 1448 664 1520 exstitisse
680 1468 719 1519 ex
735 1446 781 1546 iis
794 1449 1012 1520 monumentis
1026 1458 1161 1522 constat.
1178 1449 1215 1518 lu
1230 1449 1269 1518 iis
1284 1449 1369 1519 euim
1386 1450 1607 1521 monumentis

502 1563 580 1634 nibil
593 1561 777 1636 documenti
791 1564 885 1636 nobis
896 1563 991 1649 inest,
1004 1584 1068 1657 qno
1081 1565 1303 1658 grammaticas
1316 1565 1403 1656 leges
1418 1565 1608 1658 dignoscere

501 1678 678 1784 possimus,
700 1687 755 1750 aut
777 1699 860 1773 quae
882 1679 978 1751 luerit
1002 1680 1201 1752 eruditorum
1231 1683 1452 1752 Romanorum
1478 1680 1602 1774 lingua,

501 1814 566 1905 qna
582 1795 700 1867 iterum
718 1803 787 1867 acta
804 1795 933 1887 publica
946 1795 1054 1868 habita
1072 1797 1147 1880 sint,
1168 1816 1233 1889 qua
1249 1796 1391 1924 litterati,
1410 1815 1474 1888 qua
1490 1797 1604 1924 plebes

501 1932 561 1985 usa
574 1912 681 1985 luerit.

543 2031 629 2100 Haec
646 2028 780 2120 pristina
797 2029 919 2122 lingna,
937 2049 1020 2121 quae
1038 2027 1182 2101 noudum
1197 2029 1308 2101 Latina
1322 2037 1401 2113 erat,
1417 2027 1474 2100 sed
1488 2049 1604 2120 aspera

500 2154 532 2217 et
558 2146 704 2218 informis
730 2151 894 2219 Romanae
920 2147 1024 2238 plebis
1051 2147 1217 2230 dialectus,
1242 2147 1308 2217 lere
1330 2146 1370 2217 ad
1392 2145 1503 2218 Punici
1526 2145 1604 2240 belli

499 2269 627 2354 tempus
654 2263 803 2354 perstitit.
829 2263 977 2335 Nonnihil
1005 2271 1112 2334 tamen
1137 2282 1208 2334 sese
1229 2262 1382 2354 paulatim
1407 2262 1447 2333 ab
1470 2263 1602 2354 antiqua

499 2376 636 2448 ruditate
666 2373 880 2469 expediverat.
909 2382 947 2448 ln
974 2398 1012 2449 ea
1045 2385 1153 2449 autem
1170 2387 1273 2451 aetate
1291 2397 1373 2470 quae
1391 2384 1441 2450 cst
1458 2397 1477 2447 a
1493 2376 1600 2468 primo

500 2492 584 2564 bello
613 2493 732 2566 Punico
764 2494 804 2565 ad
833 2494 1001 2566 Sullanum
1026 2501 1166 2585 tempus,
1200 2514 1273 2565 cum
1301 2491 1438 2564 Romani
1470 2511 1541 2563 sese
1559 2493 1600 2562 ad

499 2626 665 2679 summum
680 2607 713 2679 in
731 2607 882 2680 omuibus
896 2607 993 2679 rebus
1007 2607 1113 2678 laudis
1129 2607 1292 2699 fastigium
1311 2605 1511 2690 extulissent,
1528 2605 1599 2697 phi-

499 2722 709 2813 losophorum
727 2722 917 2815 disciplinis,
935 2723 1166 2813 rethorumque
1184 2721 1361 2814 praeceptis
1379 2720 1476 2792 simul
1497 2741 1533 2792 ac
1552 2721 1598 2791 rei

499 2822 629 2910 militari
658 2837 873 2932 indulgentes
900 2859 973 2910 cum
999 2846 1031 2910 et
1045 2838 1147 2909 multa
1172 2857 1255 2908 noxa
1280 2836 1495 2920 instituerent,
1516 2856 1598 2907 nova

498 2955 684 3047 cogitarent,
704 2953 839 3028 norade
852 2955 940 3026 omui
954 2975 989 3026 re
1003 2955 1133 3037 scirent,
1149 2961 1225 3025 tunc
1242 2947 1360 3024 lactum
1374 2960 1471 3024 estut
1488 2951 1598 3044 lingua

497 3071 569 3161 ipsa
589 3073 808 3155 renovaretur,
825 3090 909 3141 uova
935 3069 1090 3142 uocabula
1111 3077 1144 3140 et
1156 3068 1329 3140 verborum
1347 3065 1595 3157 compositiones

497 3169 689 3271 admitteret,
711 3188 768 3258 sed
792 3195 926 3258 naturae
948 3185 1174 3258 convenienter
1201 3204 1290 3268 suae,
1310 3191 1347 3255 nt
1362 3182 1506 3254 nativum
1526 3182 1595 3254 eius

495 3301 660 3394 ingenium
679 3323 744 3374 non
765 3303 982 3386 immutatum,
1006 3302 1062 3374 sed
1085 3301 1339 3384 corroboratum,
1360 3308 1490 3371 auctum
1508 3299 1596 3371 locu-

494 3418 715 3511 pletatumque
733 3418 840 3490 luerit.

538 3538 606 3605 Iam
637 3533 768 3628 quidem
797 3534 951 3606 Romanis
983 3554 1057 3606 cnm
1087 3533 1214 3606 Graecis
1241 3542 1310 3606 crat
1334 3531 1592 3614 commercium;

467 3731 474 3742 ι
494 3649 864 3742 ρΙοηίηηοηηωοίηηηηη
884 3649 1006 3742 graecis
1024 3649 1138 3722 litteris
1156 3648 1271 3721 imbuti
1285 3652 1436 3719 Graecam
1451 3647 1594 3739 linguam

495 3749 695 3865 exercebant,
716 3773 749 3836 et
767 3784 839 3836 sese
857 3765 945 3836 omui
966 3765 1160 3838 Graecorum
1184 3763 1329 3836 doctrina
1346 3771 1379 3835 ct
1396 3761 1593 3833 humanitate

494 3861 720 3950 informabant.
734 3867 869 3950 Necesse
882 3879 1052 3972 igiturluit
1066 3877 1288 3970 utliugualat
1266 3886 1334 3948 lma
1347 3875 1472 3947 multa
1463 3896 1497 3972 ιη
1516 3893 1592 3946 suos

494 3993 575 4066 fines
594 3994 750 4086 reciperet
769 4014 853 4086 quae
870 4014 1020 4086 graecum
1036 4003 1197 4110 saperent.
1215 3993 1346 4110 Porcius
1364 3966 1503 4065 Licinius
1519 4010 1592 4062 vere

494 4113 580 4244 apud
595 4112 732 4184 Gellium
749 4115 845 4223 lllll,
866 4117 921 4196 2l,
941 4110 1045 4183 dixit:

634 4331 648 4366 α
668 4311 796 4370 Poenico
810 4311 890 4368 bello
904 4310 1036 4368 secundo
1050 4311 1135 4368 llusa
1149 4311 1274 4382 pinnato
1286 4310 1384 4380 gradu

631 4409 737 4471 Intulit
748 4423 782 4470 se
795 4410 968 4470 bellicosam
980 4410 1011 4466 in
1025 4408 1144 4486 Romuli
1158 4411 1278 4486 gentem
1293 4409 1397 4469 leram.
1414 4429 1428 4463 a

511 4589 514 4596 '
536 4588 627 4662 Musa
642 4609 718 4692 uero
735 4608 794 4682 pro
808 4587 922 4706 litteris
934 4587 1055 4702 graecis
1071 4587 1121 4662 hic
1135 4586 1283 4662 habenda
1298 4597 1359 4663 est.
1377 4589 1466 4662 nnc
1481 4585 1589 4683 lingua
