3540 5612
903 657 1099 725 -lcc-
1201 731 1205 740 ‚

435 837 551 908 Heaut.
575 840 602 920 l,
629 841 660 918 l,
684 840 719 906 ll
750 861 766 901 «
792 839 902 909 hnnos
925 837 1091 930 sexaginta
1108 845 1204 908 natus
1223 857 1271 920 es,
1290 846 1347 908 aut
1357 839 1432 927 ples
1444 849 1497 920 eo,
1512 846 1551 908 ut

436 952 572 1024 conicio.
597 978 612 1016 e
632 955 702 1025 llon
722 952 830 1023 solum
848 953 1115 1044 comparativum,
1134 953 1190 1024 sed
1209 952 1362 1024 adverbia
1378 973 1548 1044 compara-

436 1069 534 1140 tionis
559 1071 821 1158 sequemurque
843 1070 991 1160 sequitur
1012 1069 1171 1141 ablativus
1192 1093 1199 1138 :
1218 1070 1321 1139 Plaut.
1333 1070 1454 1160 Amph.
1469 1074 1497 1153 Ι,
1515 1076 1547 1152 l,

438 1191 501 1256 442
516 1211 531 1251 α
549 1185 679 1256 llullust
695 1189 753 1256 hoc
770 1187 981 1258 meticulosus
998 1207 1105 1276 cepoe.
1128 1213 1143 1250 ι)
1163 1192 1257 1258 Most.
1278 1191 1304 1268 Ι,
1328 1192 1360 1269 l,
1382 1191 1424 1256 30
1446 1215 1461 1251 a
1482 1191 1551 1268 Quo

437 1305 683 1390 nemorumque
696 1303 862 1376 iuventute
876 1325 915 1374 en
928 1303 1017 1375 omni
1030 1303 1132 1376 Attica
1147 1312 1197 1375 est
1210 1303 1340 1374 habitus
1356 1323 1474 1394 parcus
1490 1325 1553 1374 nec

436 1421 539 1508 crepis
553 1419 734 1491 continens.
756 1443 771 1482 l
1072 1423 1074 1430 ·

595 1721 636 1791 Ε.
656 1757 698 1775 -
711 1718 902 1792 Ablativus
920 1721 1203 1793 instrumentalis
1217 1721 1393 1794 rnaterz'ac.

486 1975 539 2040 43.
556 2009 597 2020 -
612 1969 744 2041 Materia
757 1990 816 2061 per
832 1991 872 2040 ra
890 1977 922 2040 el
943 1969 1041 2041 ablat.
1059 1970 1195 2062 exprimi
1223 1971 1317 2054 solet,
1346 1981 1383 2042 nt
1408 1995 1427 2040 «
1452 1974 1561 2044 lacere

440 2085 614 2179 aliquidem
627 2108 721 2170 coro,
736 2087 889 2179 poculum
904 2108 944 2156 ec
956 2108 1039 2157 uero
1052 2087 1187 2179 lingere.
1204 2113 1221 2157 »
1234 2089 1381 2160 Poeticus
1396 2099 1447 2160 est
1465 2090 1562 2160 solus

441 2202 612 2290 ablativae,
645 2223 742 2294 quem
774 2208 868 2294 Verg.
897 2211 1086 2274 construere
1114 2203 1207 2274 solet.
1238 2205 1422 2275 Notandum
1447 2214 1562 2275 mmen

442 2317 618 2388 ablativum
641 2318 795 2388 materiae
825 2338 890 2388 non
911 2317 1060 2388 absolute
1079 2327 1111 2388 el
1138 2340 1212 2388 cum
1238 2320 1326 2390 nudo
1354 2319 1562 2390 substantivo

443 2434 601 2517 construi,
627 2435 684 2504 sed
716 2434 906 2524 saepissime
932 2455 1006 2504 cum
1037 2434 1233 2525 praedicato,
1268 2437 1335 2506 sive
1362 2430 1460 2509 verbo
1490 2437 1563 2506 sive

443 2549 599 2619 adiectivo
617 2557 674 2618 aut
690 2549 859 2640 participio
877 2549 1061 2633 cohaerere,
1083 2551 1127 2620 ita
1145 2559 1181 2621 ut
1208 2553 1362 2623 materiae
1380 2561 1411 2624 et
1436 2553 1563 2623 instru-

443 2665 544 2736 menti
561 2665 711 2736 notiones
734 2665 853 2736 mixtas
869 2667 1042 2738 contineat.
1060 2671 1162 2759 Saepe
1187 2668 1283 2740 etiam
1303 2669 1442 2760 qualitas
1461 2669 1563 2740 simul

444 2792 476 2854 et
489 2781 624 2854 materia
640 2781 755 2853 eodem
771 2781 910 2853 ablativo
924 2782 1146 2874 designantur.

488 2930 525 2996 G.
540 2931 581 3008 ΙΙ,
599 2931 641 2995 35
661 2929 792 2996 «hecto
806 2929 915 2996 robore
935 2927 1049 2997 vallos.
1070 2950 1087 2994 »
1103 2931 1167 2996 clo
1198 2949 1216 2994 «
1231 2929 1335 3016 Spisso
1348 2930 1464 2997 vimine
1478 2949 1564 3019 qua-

445 3045 507 3116 los.
525 3048 618 3126 elli,
638 3050 680 3113 29
707 3065 724 3111 a
744 3046 871 3114 Neocli
890 3051 1060 3134 surgentes
1080 3065 1151 3113 cere
1171 3043 1352 3115 columnas.
1380 3068 1398 3112 »
1420 3049 1473 3128 lv,
1496 3050 1563 3115 373

447 3185 465 3230 a
485 3160 661 3233 Pendentia
670 3163 794 3250 pumice
807 3168 891 3230 tecta
908 3159 1041 3229 thalami
1063 3184 1080 3227 r
1101 3163 1158 3247 (π
1172 3159 1346 3245 thalamus,
1366 3162 1460 3232 cuius
1478 3169 1566 3232 tecta

447 3277 638 3349 constabant
652 3277 781 3367 pumice
800 3276 987 3368 pendente).
1004 3279 1040 3345 Α.
1071 3280 1097 3358 Ι,
1118 3281 1182 3346 464
1201 3299 1218 3343 «
1245 3282 1327 3346 Tum
1351 3280 1439 3346 silvis
1466 3298 1566 3348 scena

446 3395 595 3462 coruscis.
619 3415 636 3458 »
654 3398 666 3460 l
676 3397 717 3461 67
739 3413 757 3458 «
778 3396 869 3461 Intus
890 3412 993 3482 aquae
1011 3391 1123 3461 dulces
1141 3395 1276 3482 oleoque
1303 3393 1417 3462 sedilia
1433 3415 1526 3463 seeo.
1544 3417 1562 3461 »

449 3513 512 3578 463
540 3530 558 3574 «
584 3511 646 3578 llec
672 3507 784 3597 procul
810 3507 886 3577 hinc
913 3506 1012 3577 Rhesi
1044 3510 1141 3577 oleris
1168 3509 1307 3578 tentoria
1332 3511 1418 3578 cells.
1446 3533 1464 3577 a
1497 3515 1562 3579 655

449 3645 467 3690 «
482 3621 648 3712 Duplicem
661 3624 787 3709 gemmis
799 3641 946 3712 auroque
959 3642 1124 3692 coronam.
1141 3645 1158 3690 a
1173 3628 1268 3693 7384
1285 3627 1421 3694 Gravem
1435 3628 1564 3712 peremis

448 3757 596 3828 caroque
610 3745 766 3827 pateram.
786 3760 803 3803 »
820 3740 857 3805 l.
872 3742 913 3820 ll,
929 3742 963 3806 54
987 3760 1005 3804 «
1019 3741 1123 3828 Inque
1137 3738 1196 3808 leri
1215 3760 1346 3809 curvam
1361 3743 1564 3838 compagibus

449 3856 569 3927 alvum.
594 3878 612 3922 »
632 3857 695 3923 765
712 3877 729 3920 c
747 3857 892 3924 Crateros
905 3874 987 3924 cero
1004 3853 1110 3925 solicli.
1134 3877 1151 3921 e
1168 3859 1226 3936 ΙΙΙ,
1243 3861 1285 3925 28
1302 3878 1319 3922 «
1339 3859 1416 3924 Atro
1430 3856 1563 3947 liquun-

449 3983 503 4044 tur
527 3973 681 4058 senptlltm
711 3978 831 4062 guttae.
858 3979 883 4032 »¹
912 3973 1014 4039 loll
1051 3974 1141 4041 bona
1170 3991 1253 4040 aero
1281 3971 1391 4060 gravia
1418 3986 1564 4063 sectoque

448 4089 620 4176 elephanto.
643 4087 745 4155 »467
766 4107 783 4151 c
805 4083 1068 4153 Loricambemls
1100 4095 1282 4156 consertam
1308 4106 1456 4177 neroque
1481 4087 1563 4156 trili-

450 4221 531 4270 cem.
551 4225 566 4262 »
580 4198 625 4268 cl.
646 4203 683 4282 ll,
705 4202 769 4268 259
788 4196 833 4266 id.
854 4197 968 4264 Hamis
985 4216 1132 4287 caroque
1151 4200 1295 4282 trilicem,
1313 4199 1345 4268 hl
1359 4208 1419 4282 est,
1443 4199 1562 4271 haben-

450 4324 515 4386 tem
528 4315 644 4384 hamos
658 4335 697 4384 ex
714 4312 833 4404 triplici
849 4331 947 4382 aureo
962 4311 1017 4381 lilo
1033 4311 1144 4382 laetos.
1163 4317 1279 4384 Vocem
1299 4317 1433 4384 milicem
1453 4315 1561 4406 Vergi-

450 4434 514 4504 lius
535 4454 652 4505 novam
674 4432 797 4502 ellinxit
812 4453 851 4500 ex
864 4444 937 4509 tres,
955 4431 1000 4498 tri
1018 4438 1049 4499 et
1068 4431 1188 4500 licium.
1211 4436 1264 4515 VI,
1281 4437 1345 4502 cll
1366 4455 1383 4499 ‹<
1402 4432 1562 4522 Principio

343 4591 346 4598 ·
451 4549 606 4640 pinguem
633 4550 731 4618 coedis
763 4555 795 4618 el
817 4549 931 4615 robore
960 4558 1040 4613 socco
1064 4584 1105 4594 -
1129 4543 1281 4636 pyram..
1296 4600 1325 4617 ..
1356 4573 1371 4610 n
1396 4551 1480 4630 VIII,
1498 4551 1561 4616 cel

453 4691 467 4728 l
487 4669 586 4735 Leues
599 4682 711 4735 ocreas
726 4666 835 4732 electro
848 4676 996 4751 caroque
1011 4669 1149 4732 recocto.
1169 4685 1187 4730 »
1206 4667 1260 4747 Ill,
1278 4667 1319 4733 33
1336 4686 1354 4730 «
1373 4666 1475 4751 Nigro
1489 4665 1563 4753 pcl-
