3490 5604
851 1917 907 1976 DE
936 1913 1176 1976 nBtt'rlvo.

509 2311 554 2376 lta
569 2314 618 2377 est
630 2307 762 2377 ablativi
778 2303 940 2397 primaeva
958 2313 990 2377 et
1007 2323 1082 2377 rora
1098 2305 1288 2398 significatio
1305 2313 1343 2376 ut
1361 2304 1468 2377 locum
1482 2307 1565 2377 unde

465 2423 546 2494 actio
559 2421 956 2514 proficiscitur.designet;
977 2430 1010 2494 et
1021 2422 1049 2493 is
1063 2421 1193 2514 quidem
1208 2442 1302 2493 casus
1320 2420 1458 2494 ablativo
1471 2441 1565 2493 sans-

465 2539 591 2609 criticae
606 2538 734 2630 linguae
749 2538 934 2629 respondet.

508 2657 635 2725 Ceterae
666 2662 772 2725 autem
801 2652 1060 2746 significationes,
1096 2652 1347 2724 instrumentum
1381 2653 1501 2725 scilicet
1533 2660 1565 2723 et

464 2768 566 2853 locus,
586 2791 652 2842 non
671 2769 854 2862 originales,
877 2770 934 2841 sed
953 2768 1143 2840 adventitiae
1163 2775 1248 2840 sunt.
1269 2768 1392 2860 Lingua
1409 2768 1497 2840 onim
1516 2767 1563 2838 la-

464 2887 541 2970 tina,
555 2895 591 2957 ut
607 2889 640 2957 et
657 2885 851 2969 sensoritioa,
866 2906 931 2957 non
948 2905 1015 2968 sen,
1032 2885 1089 2956 sed
1108 2892 1179 2961 octo
1198 2904 1293 2956 casus
1310 2883 1459 2967 habebat,
1479 2903 1563 2975 quo-

464 3025 536 3075 rum
562 3005 719 3075 ablativus
744 3003 990 3094 separationem,
1010 3000 1060 3071 vol
1087 3001 1195 3072 locum
1220 3002 1303 3072 unde
1326 2999 1400 3091 quis
1416 2997 1586 3090 proficis·

463 3122 556 3204 citur,
580 3123 730 3191 beaticus
750 3120 856 3191 locum
880 3121 936 3190 ubi
953 3117 1026 3211 quis
1050 3128 1099 3189 est
1118 3117 1182 3205 (vel
1201 3137 1264 3209 quo
1293 3116 1421 3208 tendit),
1441 3120 1563 3186 instru-

461 3239 604 3306 mentalis
622 3238 865 3305 instrumentum
879 3252 944 3325 quo
964 3231 1042 3323 quid
1061 3232 1177 3324 agitur,
1195 3231 1427 3324 significabant.

504 3352 670 3422 Locativus
700 3369 774 3422 voro
802 3358 833 3420 et
859 3349 1115 3421 instrumentalis
1141 3370 1214 3421 cum
1233 3351 1563 3440 posterius-propter

463 3467 566 3538 exitus
597 3465 839 3537 similitudinem
872 3485 946 3538 cum
977 3465 1127 3549 ablativo,
1166 3465 1368 3551 cecidissent,
1402 3465 1561 3538 ablativus

462 3602 574 3654 eorum
588 3592 695 3673 partes
710 3581 772 3652 sibi
784 3582 940 3674 gerendas
952 3582 1084 3672 accepit,
1100 3591 1196 3673 atque
1206 3581 1239 3652 in
1258 3602 1296 3654 eo
1315 3581 1499 3673 quaerenda
1513 3588 1562 3651 est

461 3717 559 3770 causa
571 3718 628 3768 cur
641 3697 726 3769 idem
738 3716 832 3768 casus
845 3705 911 3767 tam
926 3696 1099 3768 dissimiles
1115 3696 1230 3767 habeat
1245 3697 1507 3788 significationes,
1524 3704 1561 3766 ut

462 3812 568 3884 locum
588 3810 684 3882 simul
705 3813 797 3894 unde,
818 3812 924 3883 locam
937 3813 993 3882 ubi
1006 3818 1037 3881 et
1051 3813 1293 3884 instrumentum
1306 3811 1435 3884 indicet.

504 3927 667 3998 Ablativus
681 3927 777 4019 igitur
792 3925 852 3997 suh
868 3926 928 3998 hoc
944 3925 1061 4017 triplici
1078 3935 1226 4018 respectu
1244 3935 1293 3999 est
1305 3927 1557 4002 considerandus

462 4051 558 4136 atque
574 4043 619 4114 ita
635 4042 706 4113 eius
723 4060 803 4113 usus
821 4041 970 4113 distribui
988 4050 1094 4133 potest
1111 4065 1119 4112 ε

505 4203 539 4269 l⁰
556 4200 718 4271 Abloticus
733 4200 896 4290 proprius,
917 4198 983 4272 site
1001 4197 1062 4270 loci
1081 4200 1174 4283 undu
1195 4197 1261 4272 sive
1281 4199 1378 4272 etiam
1394 4220 1508 4273 causus
1526 4207 1558 4271 et

458 4317 610 4408 principii
628 4339 640 4400 ,·

504 4437 539 4504 2ο
560 4431 722 4503 dbloticus
738 4431 986 4502 instrumentalis
1001 4453 1014 4516 ,·

506 4552 541 4617 3⁰
556 4549 717 4620 Ablotiuus
731 4549 881 4618 boeotium
894 4546 1081 4618 relationem
1094 4541 1155 4619 loci
1166 4547 1215 4619 rel
1230 4547 1385 4640 temporis
1398 4543 1554 4634 indicans,

463 4663 546 4738 etad
563 4663 782 4758 quaestionem
798 4665 853 4738 ubi
868 4670 900 4736 et
917 4664 1041 4753 quondo
1057 4662 1268 4754 respondens.
