3540 5612
892 719 934 735 -
949 683 1022 752 ‘res
1045 718 1087 734 -

436 869 531 942 matri
558 868 666 940 multis
692 867 849 938 balatibus
871 885 1003 958 agnum.
1032 865 1135 932 »8ll
1159 884 1177 929 «
1207 861 1292 932 saltu
1312 878 1384 932 sese
1402 867 1539 934 erunibus

435 987 537 1060 armis
550 983 584 1053 in
599 981 734 1053 lluvium
751 981 850 1052 dedit.
867 1003 885 1048 a
904 984 943 1063 X,
959 984 1023 1049 ala
1037 1002 1055 1046 ‹<
1071 988 1119 1049 ter
1133 978 1207 1048 lecti
1222 997 1385 1069 proceres,
1402 991 1449 1046 ter
1459 979 1540 1046 denis

436 1101 569 1170 nouitas
583 1095 684 1167 ibant.
701 1117 720 1164 »
735 1098 831 1165 768«
847 1103 917 1165 tum
932 1113 966 1164 se
983 1099 1083 1164 ousta
1097 1093 1194 1162 insert
1207 1093 1382 1163 Mezentius
1397 1095 1508 1162 4444444.
1523 1116 1540 1159 v

437 1219 493 1286 Est
510 1215 611 1284 armis
626 1212 667 1283 ad
694 1231 790 1282 444444
802 1231 843 1280 44
858 1210 899 1281 ad
912 1212 999 1280 ormi
1012 1209 1229 1280 revocandum
1243 1211 1259 1276 4
1281 1212 1340 1278 774
1359 1212 1474 1279 «Mola
1485 1229 1543 1278 sao

437 1339 512 1402 stat.
534 1353 553 1399 4
578 1328 639 1418 (ol.
660 1331 729 1411 Vll,
750 1332 828 1397 7844.
854 1331 896 1410 44,
920 1331 997 1409 636,
1022 1329 1079 1407 444,
1102 1327 1195 1413 666.)
1215 1328 1270 1406 444,
1293 1329 1335 1394 62
1354 1347 1372 1391 4
1393 1329 1542 1395 Iuvenem

435 1443 622 1517 exanimum
647 1463 728 1513 vaae
754 1440 870 1513 maesti
897 1440 1090 1512 comitamur
1120 1443 1245 1508 4644444.
1280 1462 1299 1507 a
1327 1443 1390 1508 486
1420 1461 1438 1506 4
1463 1459 1544 1508 uvore

436 1569 624 1652 patrum.»
658 1561 722 1629 447
759 1557 897 1628 Nuntius
932 1556 1054 1649 ingenti
1086 1575 1145 1646 per
1176 1555 1266 1646 regia
1293 1562 1378 1625 46444
1405 1554 1545 1625 tumultu

436 1675 514 1748 ruit.
536 1697 555 1743 a
574 1677 638 1744 478
657 1695 675 1741 u
697 1673 737 1744 ad
754 1674 914 1763 templum
933 1671 1124 1743 subvehitur
1139 1691 1257 1760 monna
1276 1678 1418 1740 matrum
1437 1669 1546 1760 regina

437 1807 576 1864 64464444.
598 1797 701 1862 »609
724 1813 742 1859 «
762 1793 865 1862 sottto
884 1798 1061 1881 erumpunt
1087 1791 1233 1859 44444446.
1256 1809 1273 1856 a
1295 1788 1355 1877 (of.
1377 1791 1448 1869 4444,
1469 1791 1543 1867 252,

437 1912 515 1992 257,
532 1910 623 1998 946).
640 1911 710 1991 xlv,
725 1911 789 1977 664
807 1930 825 1974 4
840 1909 959 1978 obtata
976 1908 1072 1976 tootto
1088 1905 1186 1976 stetit.
1204 1927 1222 1973 >v
1240 1907 1278 1974 G.
1294 1908 1352 1987 444,
1374 1906 1440 1972 347
1458 1925 1476 1970 «
1493 1907 1545 1972 Ca-

440 2025 543 2118 pellae
558 2025 743 2113 -provido
761 2023 815 2092 vix
832 2031 987 2114 superant
999 2025 1090 2092 4444444
1104 2021 1203 2092 limen
1219 2043 1237 2089 »
1252 2022 1313 2109 (=
1325 2040 1399 2091 oum
1418 2019 1546 2111 gravido

438 2140 555 2224 ubere,
577 2139 627 2210 vel
646 2147 779 2230 propter
804 2138 972 2230 gravidum
991 2136 1098 2226 uber).
1125 2139 1160 2206 l.
1181 2125 1239 2218 Ill,⁴
1262 2140 1303 2205 46
1323 2158 1341 2203 4
1361 2137 1483 2204 loculis
1500 2134 1548 2202 in-

440 2256 541 2329 4446444
560 2255 674 2326 aeutis.
691 2280 709 2324 »
729 2260 893 2326 Inoertum
912 2263 1023 2325 utrum
1041 2256 1104 2324 iao.
1124 2266 1211 2323 44444.
1228 2272 1289 2344 pro
1307 2251 1446 2322 ablativo
1464 2249 1549 2322 modi

441 2391 485 2444 au
504 2390 563 2462 pro
589 2369 697 2462 dativo
716 2369 758 2440 sit
777 2370 974 2440 habendum.
996 2367 1141 2459 Heynius
1166 2367 1308 2438 dativum
1338 2386 1410 2437 esse
1429 2367 1549 2436 vult:

440 2487 474 2556 in
493 2485 610 2568 iacula,
643 2504 730 2577 quae
759 2485 982 2576 interpretatio
1005 2484 1156 2555 Benoisto
1180 2483 1307 2574 plaeere
1326 2483 1463 2553 videtur.
1488 2485 1549 2572 Ego

441 2621 590 2674 oenseam
612 2601 721 2692 potios
741 2599 806 2670 abl.
824 2600 912 2671 modi
932 2619 1015 2682 esse,
1038 2599 1143 2690 qualis
1164 2608 1224 2669 est.
1237 2587 1283 2668 l.
1309 2602 1335 2680 l,
1359 2603 1421 2668 432
1443 2619 1461 2664 «
1480 2598 1550 2666 vina

442 2716 604 2790 currentia
620 2718 711 2786 riuis.
734 2739 752 2784 a

485 2853 523 2918 In
537 2847 702 2940 plerisque
721 2845 877 2937 exemplis
896 2844 948 2915 hie
967 2843 1084 2927 allatis,
1105 2853 1142 2914 ut
1160 2843 1298 2926 videtur,
1316 2863 1381 2914 non
1400 2864 1420 2913 4
1438 2861 1550 2934 prosae

442 2963 596 3037 orationis
609 2982 725 3034 norma
742 2961 901 3053 Vergilius
916 2959 1067 3031 delleotit.
1085 2963 1163 3030 Nam
1181 2968 1212 3029 et
1229 2958 1367 3050 prosaici
1381 2959 1551 3049 scriptores

443 3100 555 3171 praep.
582 3079 745 3161 omittunt,
769 3078 796 3148 si
815 3077 939 3148 nomini
955 3076 988 3146 in
1004 3075 1143 3147 ablativo
1162 3075 1283 3146 modali
1299 3075 1407 3165 posito
1423 3073 1551 3144 adieeti-

443 3218 521 3268 vum
535 3205 591 3266 aut
607 3196 744 3288 quodvis
758 3191 846 3265 alind
865 3193 1147 3264 determinativum
1167 3192 1384 3284 subiungitur.

487 3365 541 3456 Β)
555 3366 691 3437 Nomina
705 3365 775 3436 sine
789 3364 975 3434 attributiva
993 3363 1260 3434 determinatione
1279 3361 1420 3432 ablativo
1436 3361 1554 3432 moduli

445 3488 688 3552 construuntur.
711 3485 812 3570 Saepe
831 3479 962 3570 quidem
981 3479 1045 3548 ahl.
1061 3479 1198 3550 modalis
1214 3478 1254 3548 ad
1275 3476 1554 3552 instrumentalem

445 3596 614 3687 proprium
640 3596 815 3669 reduntur.
850 3595 912 3666 Sed
939 3595 1024 3687 apud
1054 3604 1203 3666 nostrum
1229 3602 1358 3684 poetam
1385 3593 1555 3664 comitatus

445 3711 527 3803 ipse,
547 3729 613 3781 non
641 3711 749 3786 solum
775 3710 905 3793 modus,
932 3710 1070 3801 simplioi
1090 3709 1168 3780 nudi
1198 3707 1392 3784 substantivi
1418 3708 1555 3780 ablativo

447 3827 645 3918 designatur,
666 3826 754 3918 quod
773 3826 936 3918 poeticum
954 3837 1004 3898 est
1025 3837 1056 3897 et
1074 3847 1147 3898 raro
1164 3826 1197 3898 in
1217 3846 1316 3917 prosa
1333 3825 1479 3898 oratione
1495 3847 1556 3896 usu

446 3945 544 4016 venit.
768 3958 772 3966 ’

492 4077 530 4142 6.
551 4077 592 4156 44,
608 4069 651 4141 34
667 4095 684 4139 4
702 4072 817 4161 pranis
836 4069 984 4160 lapidosa
1002 4071 1174 4141 rubescere
1192 4091 1301 4140 corna.
1318 4091 1336 4137 a
1352 4075 1436 4139 Sunt
1451 4078 1556 4140 tamen

448 4190 503 4282 qui
520 4184 803 4281 censeantpruev‘s
818 4206 969 4257 essenon
984 4186 1085 4268 modi,
1103 4186 1159 4255 sed
1179 4185 1239 4256 looi
1255 4184 1443 4266 ablativum,
1461 4185 1557 4254 omis·
1651 4189 1655 4202 '

452 4328 488 4376 sa
505 4325 617 4397 praep.
639 4307 684 4386 444,
715 4303 760 4372 ita
785 4311 821 4373 ut
849 4323 966 4372 sensns
985 4302 1050 4372 sit:
1072 4323 1171 4372 uerna
1190 4301 1367 4371 rubescunt
1385 4301 1418 4369 in
1446 4299 1557 4390 prunis

451 4420 523 4507 (des
537 4419 732 4491 oornouilles
748 4439 805 4488 sur
824 4418 881 4488 des
897 4419 1074 4508 pruniers).
1097 4441 1114 4485 «
1135 4417 1406 4488 notescere-enim
1426 4424 1557 4486 eonten-

334 4573 336 4578 ·
451 4535 505 4617 do,
527 4535 571 4605 ait
590 4534 783 4626 lorbigeros
809 4534 848 4604 ad
875 4534 994 4616 loourn,
1013 4532 1117 4624 magis
1143 4532 1315 4603 convenire
1333 4531 1440 4602 cornis
1460 4550 1556 4622 quarn

451 4650 577 4744 prunis,
594 4651 741 4742 quamvis
755 4651 854 4722 etiam
865 4669 1046 4740 prunorum
1061 4669 1164 4740 genus
1178 4649 1219 4720 sit
1237 4667 1438 4738 purpureum
1459 4646 1554 4736 (Plio.
