3490 5604
556 739 561 749 Ι
675 654 867 721 -rsa-

160 895 163 900 ,
224 836 336 928 procul
355 835 492 906 validam
506 836 665 908 direxerat
686 835 823 907 hastam.
840 857 859 904 »
877 837 935 906 626
968 833 1080 905 «Inde
1095 835 1190 922 uano
1206 831 1318 923 procul

224 951 380 1022 infensam
393 951 573 1023 intenderat
587 952 724 1023 hastam.
743 973 761 1019 a

266 1147 644 1220 innocentibus-
663 1151 838 1238 sequentes
857 1144 954 1217 dativi
978 1153 1086 1216 motus
1112 1143 1209 1214 hnem
1234 1141 1318 1213 indi-

223 1268 330 1331 cantes
346 1261 432 1352 apud
445 1261 618 1354 Vergilium
633 1261 839 1332 inveniuntur
855 1281 863 1328 :

265 1405 341 1475 Neci
357 1427 364 1473 :
383 1407 419 1473 h.
433 1407 476 1486 ΙΙ,
493 1410 534 1474 85
549 1428 568 1472 «
581 1409 746 1475 Insontem
759 1403 917 1475 demisere
929 1402 1007 1472 oeci.
1026 1424 1044 1469 »
1062 1404 1131 1483 XII,
1149 1403 1212 1469 663
1227 1420 1245 1465 c
1261 1397 1318 1468 Illa

223 1518 320 1589 Talon
338 1523 534 1610 Tanaimque
547 1522 614 1588 occi
639 1559 679 1570 -
695 1528 726 1589 et
741 1528 901 1590 maestum
916 1517 1013 1588 mittit
1031 1517 1192 1587 Oniten.»
1287 1559 1289 1566 ,

264 1636 384 1704 Morti:
406 1637 442 1703 h.
459 1638 494 1718 V,
516 1639 572 1703 696
594 1643 626 1705 66
643 1638 681 1716 Χ,
699 1639 762 1704 666
782 1655 800 1700 «
815 1636 913 1705 Morti
927 1632 1104 1704 demittere.
1121 1655 1139 1700 a
1158 1635 1226 1712 ΧΗ,
1255 1633 1318 1699 666
1418 1657 1420 1663 ·

223 1772 241 1815 «
260 1754 334 1840 lpse
348 1769 453 1840 neque
472 1769 601 1820 aversos
620 1749 770 1841 dignatur
783 1758 926 1819 sternere
938 1751 1083 1818 Morti.»

268 1867 365 1935 Urbi:
386 1868 421 1934 h.
442 1870 484 1948 ΙΙ,
507 1869 548 1934 67
565 1888 583 1933 «
604 1865 748 1935 Machina
762 1905 803 1916 -
818 1864 1002 1953 inspectura
1016 1863 1130 1934 domos
1144 1868 1320 1932 obventura

222 1979 361 2071 desuper
378 1982 462 2051 orbi.
478 2003 496 2048 »
514 1983 572 2068 (--
585 2000 624 2050 ex
642 1979 714 2051 altis
738 1979 909 2050 moenibus
935 1981 969 2047 io
995 1980 1104 2048 orbem
1120 1975 1318 2064 descendet.)

222 2100 275 2179 xl,
292 2102 355 2167 206
377 2119 395 2163 «
411 2101 550 2188 Corpora
560 2096 677 2187 partim
690 2096 789 2166 Multa
803 2095 908 2165 virum
922 2102 1025 2164 terrae
1040 2093 1211 2176 infodiunt,
1228 2113 1319 2164 arec-

221 2219 316 2302 taque
335 2211 452 2303 partim
477 2211 632 2282 finitimos
651 2211 767 2283 tollunt
780 2205 814 2280 in
827 2230 934 2302 agros,
950 2212 1088 2300 orbique
1106 2209 1317 2280 remittunt.»

267 2329 394 2396 Letoi:
419 2331 454 2397 Α.
475 2332 512 2410 V,
533 2333 596 2400 636
615 2328 746 2397 «Multa
764 2329 823 2416 (sc.
841 2325 986 2415 vulnera)
1006 2346 1083 2398 caro
1111 2329 1204 2397 lotari
1228 2326 1318 2417 inge-

221 2439 355 2511 minant.
374 2464 392 2510 »
410 2445 454 2525 11,
474 2447 536 2511 553
557 2470 572 2506 c
598 2445 705 2512 Lateri
723 2441 837 2531 capulo
858 2449 952 2512 tenus
965 2441 1088 2512 abdidit
1101 2460 1259 2511 ensem.»

268 2558 409 2626 retiarii
441 2561 476 2627 h.
503 2561 573 2639 XII,
605 2561 667 2627 636
693 2580 711 2625 c
726 2556 876 2649 befigunt
902 2559 1009 2626 telluri
1033 2557 1189 2628 hastas.»
1213 2558 1270 2645 (=
1284 2555 1318 2626 in

222 2675 368 2762 terram).

264 2794 337 2878 Iqrci
352 2814 366 2859 ι
383 2795 419 2861 h.
440 2797 493 2876 ΧΙ,
514 2797 576 2862 696
597 2815 614 2860 c
631 2792 739 2884 Spolia
757 2802 867 2883 erepta
892 2793 1010 2864 Latinis
1028 2793 1190 2865 coniciunt
1203 2796 1280 2880 iqui.
1299 2815 1317 2862 a

262 2910 372 2976 Luco:
400 2911 436 2976 In
465 2908 547 2978 hano
571 2907 667 2978 dativi
684 2907 954 2979 constructionem
972 2908 1056 2978 cadit
1073 2909 1176 2979 iorma
1190 2911 1263 2978 iaco
1275 2947 1319 2971 Ξ

220 3022 317 3104 iacui,
334 3042 417 3112 quae
433 3026 469 3092 h.
490 3026 573 3106 VIII,
591 3028 647 3093 656
674 3044 747 3094 cum
761 3024 853 3095 locali
873 3023 1103 3116 significatione
1121 3023 1316 3094 adhibetur:

221 3137 317 3206 «hlii
344 3137 511 3208 stridentia
527 3138 655 3230 tingunt
682 3159 757 3210 aera
783 3141 905 3222 taem»
933 3142 990 3226 (-.-.
1003 3139 1199 3232 immergunt
1220 3160 1319 3210 aenea

221 3252 344 3342 spicula
362 3253 526 3337 inlocum,
542 3254 575 3324 in
593 3254 900 3347 aquamfrigidam).
931 3255 963 3324 Si
993 3256 1066 3346 quis
1089 3275 1164 3326 vero
1194 3255 1318 3326 dubitet

221 3369 299 3460 quin
322 3371 395 3440 bron
414 3391 471 3461 pro
496 3370 579 3441 lacui
604 3371 709 3443 dativo
737 3371 829 3442 locali
856 3371 898 3442 sit
924 3371 1155 3462 accipiendum,
1177 3371 1318 3443 conterat

220 3490 315 3556 Hom.
333 3486 447 3576 OdySS.
468 3491 522 3570 IX,
536 3492 593 3556 39d
605 3485 701 3566 ὡςδῖτ
722 3487 787 3579 ’ἀνὴρ
802 3503 910 3578 χαλκεὺς
919 3503 1019 3560 πέλεκυν
1038 3505 1115 3580 μέγαν
1134 3505 1161 3565 ἠὲ
1182 3504 1318 3580 σκέπαρνον

221 3618 264 3670 εἰν
284 3613 358 3672 ὕδατι
378 3615 470 3694 ψυχρῳ
490 3617 576 3700 βάπτῃ
595 3617 690 3693 μεγάλα
711 3614 828 3691 ἴσχοντα.

264 3719 433 3787 ecrousen:
459 3719 495 3799 V,
511 3721 574 3787 aab
598 3739 616 3784 c
632 3736 696 3807 quo
712 3737 746 3787 se
762 3717 872 3788 multis
884 3738 957 3788 cum
975 3719 1106 3789 milibus
1121 3719 1216 3791 heros
1235 3723 1316 3790 Con-

219 3852 304 3901 sessn
318 3831 459 3902 medium
475 3832 547 3902 tulit
561 3841 785 3923 exstructoque
798 3835 927 3905 resedit.
937 3858 954 3902 »
964 3835 1107 3906 Ribbeck
1121 3835 1317 3926 conicitpost

220 3947 329 4014 resedit
347 3965 449 4015 unum
467 3966 596 4016 versum
615 3946 776 4037 perditum
794 3967 865 4018 esse
877 3948 910 4018 in
924 3969 988 4040 quo
1001 3958 1069 4019 erat
1080 3948 1315 4020 substantivum

221 4063 260 4133 ad
278 4075 436 4132 destructo
451 4062 630 4146 relativum,
647 4085 677 4146 v,
695 4085 725 4155 g.
748 4078 827 4146 toro,
849 4073 944 4156 atque
958 4065 1003 4135 ita
1019 4085 1160 4135 consessa
1173 4065 1315 4136 dativum

221 4176 404 4248 directionis
424 4197 495 4248 esse
513 4215 557 4240 =
571 4179 603 4247 in
618 4178 811 4249 contionem.
832 4183 920 4261 Quae
934 4181 1115 4251 coniectura
1133 4181 1223 4251 valde
1237 4183 1315 4252 mihi

221 4293 387 4385 probanda
403 4294 539 4377 uidetur,
556 4294 641 4386 quod
655 4315 816 4385 nusquam
829 4315 1001 4367 consessus
1018 4296 1127 4367 sedem
1146 4295 1313 4387 significat.

220 4412 377 4491 Attamen,
398 4418 434 4479 ut
448 4431 533 4480 nunc
551 4420 599 4480 est
617 4410 745 4502 Vergilii
763 4412 864 4493 locus
884 4431 1024 4481 consessu
1045 4411 1150 4482 solum
1169 4432 1241 4481 cum
1260 4434 1315 4480 en-

220 4526 477 4606 structoresque,
499 4533 534 4594 ut
552 4524 615 4594 abl.
632 4523 705 4608 loci,
724 4525 866 4595 construi
880 4533 997 4615 potest.

264 4642 309 4708 En
327 4637 378 4708 his
395 4638 492 4731 igitur
506 4648 593 4732 patet
610 4640 731 4712 iormas
748 4640 845 4712 dativi
859 4661 898 4712 ex
917 4646 960 4725 tr,
980 4647 1026 4724 2¹,
1047 4646 1079 4711 3¹
1098 4642 1144 4729 (et
1157 4639 1253 4712 etiam
1268 4643 1314 4730 6)
