3528 5604
948 619 1124 688 ...30-

523 801 613 870 lianc
633 797 881 870 denominativi
904 817 969 870 usu
997 819 1056 889 pro
1075 799 1256 872 accusativo
1276 802 1373 892 positi
1387 803 1598 895 disputatio·

480 931 567 996 nem,
592 931 791 1004 quamquam
814 913 933 986 rectins
951 914 1060 985 lorsan
1081 913 1121 984 ad
1146 913 1294 986 infinitivi
1318 937 1416 988 usum
1439 920 1595 1009 pertinet,

481 1023 651 1098 dictamen
666 1027 934 1119 praemittendam
949 1047 1022 1100 esse
1038 1027 1163 1100 censui.
1179 1030 1277 1100 Cuius
1292 1032 1338 1101 rei
1351 1034 1596 1105 excusationem

480 1145 514 1214 in
532 1164 571 1217 eo
590 1145 729 1236 positam
749 1145 865 1228 habeo,
888 1144 976 1236 qnod
1000 1145 1219 1218 nominativus
1240 1147 1459 1220 accusativum
1482 1149 1597 1222 detto·

479 1262 557 1332 dere
573 1262 709 1352 eiusque
727 1278 887 1352 usurpare
906 1261 1013 1332 locum
1029 1261 1175 1332 vedetur.
1248 1303 1252 1312 ·

523 1384 557 1450 2.
584 1379 749 1450 Voootious
773 1385 822 1446 est
844 1395 939 1448 casus
963 1396 1028 1468 quo
1058 1397 1111 1448 res
1139 1377 1189 1447 vel
1203 1381 1354 1468 'persona
1376 1387 1509 1450 vocatur
1536 1389 1596 1452 aut

476 1496 702 1587 compellatur.
722 1494 805 1564 llihil
825 1494 913 1565 aliud
937 1504 987 1566 θεῖ
1013 1513 1114 1586 quam
1131 1495 1351 1566 nominativus
1371 1496 1442 1566 sine
1464 1497 1534 1567 ulla
1550 1498 1594 1568 ad

477 1612 697 1703 praedicatum
715 1609 882 1693 relatione,
907 1629 967 1682 neo
986 1610 1053 1681 ullo
1077 1609 1175 1681 modo
1199 1629 1273 1680 cum
1292 1610 1516 1702 propositione
1534 1633 1594 1684 oo-

477 1729 599 1799 haeret.
619 1726 780 1798 Attributa
798 1747 882 1818 quae
906 1726 946 1796 ad
966 1746 1018 1796 res
1037 1725 1086 1796 vel
1110 1745 1268 1818 personas
1285 1727 1495 1818 compellatus
1518 1737 1593 1800 tan-

477 1863 575 1934 quam
593 1843 736 1934 epitlreta
761 1841 811 1912 vel
834 1842 1150 1942 perappositionem
1180 1843 1326 1933 proxime
1352 1843 1539 1916 referuntur
1557 1845 1592 1916 in

477 1960 621 2032 vocativo
639 1959 717 2049 poni
736 1956 864 2028 solent:
890 1961 984 2049 Verg.
1005 1961 1040 2027 l.
1062 1961 1115 2040 ll,
1136 1963 1226 2028 265:
1249 1981 1266 2025 r
1287 1963 1335 2034 To
1352 1976 1440 2030 nunc
1459 1961 1593 2030 Cartha

476 2075 560 2168 ginis
578 2075 661 2146 altae
688 2071 910 2144 Fundamenta
931 2072 1056 2160 locu,
1072 2127 1078 2140 .
1093 2077 1151 2142 ..t
1178 2075 1273 2144 Heul
1301 2074 1391 2166 regni
1414 2093 1592 2166 rerumque

475 2194 565 2262 oblite
587 2175 731 2262 tuarum.
754 2213 772 2257 »
791 2189 919 2260 sivero
939 2188 979 2258 ad
997 2188 1230 2280 praedicatum,
1247 2189 1279 2259 id
1297 2197 1358 2273 est,
1384 2190 1425 2260 ad
1453 2191 1597 2262 verbum

452 2308 583 2400 ,ipsum
610 2306 807 2387 relemntur,
827 2313 898 2376 tum
916 2304 949 2374 in
969 2305 1167 2376 nominativo
1188 2314 1379 2396 ponuntur:
1404 2307 1450 2377 mi
1476 2307 1587 2390 homo,

475 2443 573 2515 quam
587 2433 783 2512 exspectatos
801 2411 911 2490 venisl
1284 2497 1286 2502 .

519 2538 581 2610 Sed
600 2537 686 2629 apud
704 2545 817 2628 poetas
839 2535 1009 2607 invertitur
1025 2555 1124 2627 saepe
1147 2538 1356 2620 constructio,
1376 2547 1475 2630 atquc
1493 2539 1585 2610 attri-

474 2655 553 2726 buta
569 2655 602 2725 in
616 2653 718 2746 priori
730 2652 885 2724 relatione
904 2652 938 2722 in
955 2651 1167 2736 nominatlvo,
1195 2653 1228 2722 in
1247 2653 1420 2744 posteriori
1448 2673 1524 2727 vero
1550 2655 1585 2724 in

474 2771 618 2844 vocativo
637 2777 815 2862 ponuntur.

467 2959 469 3006 ἰ
518 2985 569 3072 (Α)
585 3001 931 3060 Nominatlvus
949 3009 1041 3066 pro
1059 3001 1300 3056 voeatlvo.
1316 3017 1357 3030 -
1372 2982 1467 3071 Vevg.
1482 2984 1519 3048 Α.
1531 2985 1584 3064 Vl,
1640 3044 1643 3051 .

431 3147 433 3152 .
473 3097 549 3173 835.
567 3096 711 3168 «Proice
729 3094 916 3175 telamone,
932 3095 1062 3180 cooperis
1075 3101 1180 3164 meuc!
1196 3098 1282 3178 vill,
1302 3099 1365 3164 tol
1384 3118 1403 3163 «
1422 3095 1582 3187 Equitem,

329 3213 334 3221 ’
471 3221 649 3305 Messapus,
666 3213 700 3283 in
713 3211 824 3293 urmiS,
842 3218 875 3280 et
893 3229 966 3280 cum
981 3209 1079 3292 fratre
1092 3213 1203 3292 Coros,
1223 3209 1296 3280 latis
1314 3210 1483 3282 dillundite
1497 3232 1584 3297 oam-

472 3333 535 3424 pis.
558 3330 656 3400 »Eoi
678 3332 747 3410 vll,
774 3331 815 3396 co
836 3324 1008 3396 «Muscosi
1020 3324 1137 3408 lontes,
1151 3333 1184 3395 et
1199 3325 1459 3396 somnomollior
1469 3327 1580 3409 herba,

444 3435 445 3438 ¹
472 3455 510 3521 Et
540 3467 623 3540 quae
645 3465 703 3517 vos
729 3464 802 3515 rara
832 3442 944 3512 viridis
974 3442 1052 3534 tegit
1079 3445 1214 3511 arbutus
1243 3441 1372 3526 umbra,
1404 3442 1582 3514 solstitium
1665 3429 1670 3438 ’

471 3563 579 3655 pecori
600 3559 771 3632 defendite.
783 3557 808 3626 'o
827 3587 869 3618 =
890 3559 936 3645 (θῖ
965 3556 1090 3638 arbute
1113 3577 1196 3648 qnae
1225 3557 1306 3650 tegis
1325 3558 1430 3630 lentes
1453 3567 1484 3628 et
1509 3559 1581 3629 her-

471 3679 559 3761 bam,
589 3679 667 3765 etc.)
699 3679 736 3746 Α.
774 3678 858 3756 VIII,
892 3677 933 3742 77
966 3675 1140 3762 «semper
1172 3672 1296 3743 honore
1333 3693 1419 3758 meo,
1454 3693 1581 3765 semper

471 3793 674 3867 celebrabere
703 3791 810 3874 donis,
843 3789 996 3880 Corniger
1030 3787 1246 3878 Hesperidum
1279 3792 1398 3878 fluuios
1431 3799 1597 3882 regnator·

470 3931 682 4004 aquarum.»

514 4044 560 4116 ot.
581 4044 685 4114 Plant.
711 4046 800 4112 Pers.
821 4044 858 4109 V.
881 4044 912 4122 l,
936 4043 1002 4121 t3;
1031 4061 1049 4105 v
1077 4040 1194 4108 Oculos
1208 4057 1343 4106 meus.»
1368 4042 1459 4108 Poen.
1490 4043 1516 4108 Ι.
1544 4044 1574 4122 i,
1617 4081 1620 4088 -

472 4165 561 4232 tet:
582 4163 672 4232 Meus
690 4158 868 4227 molliculus
891 4175 1011 4224 coecus.
1034 4176 1052 4222 u
1074 4157 1181 4224 Most:
1197 4157 1221 4222 Ι.
1248 4157 1281 4235 3,
1312 4157 1399 4222 l53:
1434 4177 1452 4221 c
1477 4159 1573 4246 Euge,

388 4289 389 4292 ’
469 4280 579 4348 oculus
591 4296 726 4344 rmus.»
750 4276 787 4342 V.
809 4277 842 4353 2,
863 4275 927 4341 ll:
966 4268 1029 4340 Sed
1060 4277 1096 4338 tu
1123 4269 1207 4339 istuc
1236 4267 1315 4358 quid
1339 4269 1511 4361 coniugisti
1544 4271 1575 4340 in

470 4409 560 4464 aram
577 4390 660 4460 hanc
677 4389 928 4458 inscitissimusl
949 4408 967 4454 v
1002 4365 1082 4454 Hor.
1103 4388 1139 4452 d.
1159 4387 1280 4453 1³:292
1306 4407 1324 4452 «
1342 4389 1417 4468 llos
1440 4405 1459 4456 o
1485 4390 1575 4456 Pom-

466 4510 565 4599 pilius
579 4506 723 4598 sangnis.
742 4529 760 4573 v
777 4501 1104 4585 Animadvertendum
1121 4510 1171 4572 est
1183 4521 1375 4592 pronomen,
1392 4503 1421 4573 si
1435 4503 1574 4594 appella-

470 4627 570 4699 tivum
586 4626 620 4696 in
634 4623 832 4698 nominativo
852 4631 925 4704 stet,
942 4640 1071 4714 semper
1085 4620 1222 4692 formam
1238 4641 1324 4692 nuos
1344 4641 1485 4693 servare.
