3540 5612
740 690 939 794 ζῇς)-

289 896 461 997 'Fo'rbigaro
480 913 513 976 et
529 901 686 998 Wagnero
706 905 820 996 placet,
844 890 903 976 sed
926 903 1011 976 idom
1034 904 1117 975 valet
1137 905 1233 995 atque
1251 911 1343 975 οὖσαι
1356 905 1391 973 iu

207 1007 216 1026 '
288 1023 423 1090 uotttbus
435 1024 518 1090 iuris.
534 1021 696 1113 Prolopsis
709 1020 795 1092 enim
810 1021 844 1090 in
858 1041 896 1092 eo
915 1028 1040 1092 constat
1053 1028 1090 1090 ut
1103 1018 1264 1091 obiectum
1282 1015 1390 1091 motus

289 1135 428 1207 ablativo
447 1144 664 1220 construatur,
686 1136 763 1228 quia
783 1157 849 1208 non
867 1137 907 1208 ed
921 1136 1025 1229 ipsam
1040 1135 1199 1208 actionem
1216 1134 1316 1219 verbi,
1333 1135 1390 1206 sed

290 1249 329 1320 ad
354 1257 472 1320 statum
500 1249 752 1341 subsequentem
771 1250 953 1341 respicitur.
974 1250 1167 1344 Forbigerus
1181 1260 1287 1322 amen
1306 1259 1391 1322 recte

290 1365 448 1441 adnotat:
476 1393 491 1430 u
518 1364 662 1448 Ablativo
685 1373 780 1457 poeta
805 1366 918 1448 utitur,
953 1375 1081 1458 tempus
1111 1366 1219 1459 iugem
1244 1374 1389 1437 secutum

290 1481 477 1572 respiciens,
503 1501 567 1574 quo
584 1502 623 1553 se
646 1482 679 1553 in
699 1481 836 1552 vallibus
858 1489 982 1574 tegunt.
1009 1507 1024 1547 n
1049 1481 1095 1552 ci.
1118 1481 1260 1554 Benoisti
1279 1481 1388 1553 adnot.

290 1596 329 1667 ad
349 1597 467 1670 locum.

332 1711 377 1781 Cf.
403 1716 500 1804 Prop.
524 1713 551 1795 Ι,
578 1716 631 1796 48,
658 1718 671 1781 t
679 1717 699 1782 2
723 1739 738 1778 «
761 1709 830 1784 Non
854 1697 954 1783 altera
975 1727 1080 1783 nostro
1104 1714 1208 1782 liuiua
1229 1713 1390 1784 ‘formosos

288 1830 397 1898 aarum
417 1821 484 1898 arra
506 1826 616 1918 peaes.
646 1827 790 1904 »urana
816 1832 858 1911 u,
885 1834 917 1898 a.
943 1834 984 1898 ao
1009 1857 1024 1895 «
1051 1828 1198 1920 Prodigia
1225 1809 1390 1900 indomitis

289 1963 389 2031 uorpe
406 1947 463 2013 sub
476 1947 674 2032 aequoribus.
694 1970 710 2008 u
728 1948 808 2016 Nota
826 1931 1029 2016 audaciorem
1048 1943 1131 2014 banc
1147 1943 1276 2014 ablativi
1294 1959 1388 2014 cons-

288 2059 479 2130 tructionem
498 2059 591 2130 Lucr.
608 2063 634 2143 Ι,
656 2063 719 2130 250
734 2085 750 2125 α
768 2061 832 2132 Res
851 2079 964 2132 omnes
978 2057 1112 2131 discidio
1126 2062 1255 2129 redeunt
1269 2061 1303 2128 iu
1319 2080 1389 2129 cor-

285 2195 360 2264 pore
372 2163 529 2246 materiai.
548 2201 564 2238 »
1055 2193 1057 2198 ’

190 2383 193 2390 .
312 2302 448 2373 ¹Eadem
484 2302 524 2374 de
555 2323 652 2374 causa
678 2302 850 2394 aliquando
885 2301 922 2374 fit
950 2311 987 2374 ut
1013 2302 1182 2386 locativus,
1213 2298 1281 2397 qui,
1314 2322 1388 2374 oum

289 2419 434 2510 quaestio
457 2430 506 2490 est
527 2439 586 2511 per
607 2422 672 2503 ubi,
693 2420 845 2512 usurpari
864 2419 956 2503 solet,
981 2421 1171 2492 adhibeatur
1189 2420 1296 2492 tamen
1315 2440 1389 2490 cum

289 2535 433 2625 quaestio
456 2544 505 2607 est
522 2556 580 2627 par
597 2557 669 2624 quo.
688 2540 777 2607 Tunc
799 2536 895 2608 etiam
919 2543 1021 2608 status
1045 2537 1202 2608 actionem
1226 2535 1314 2608 vorbi
1337 2557 1388 2606 se-

290 2661 393 2734 cutus,
426 2672 493 2723 non
521 2653 602 2724 actio
629 2653 700 2744 ipsa
729 2653 909 2744 respicitur.
942 2657 978 2723 Α.
1008 2658 1033 2725 Ι.
1071 2659 1133 2724 493
1159 2681 1175 2718 a
1204 2659 1267 2725 Nec
1298 2653 1388 2745 prius

290 2766 414 2839 absistit
432 2785 529 2859 quam
548 2778 677 2859 septam·
690 2787 825 2860 corpora
843 2771 961 2856 suudut
979 2772 1079 2868 turoi.
1099 2775 1113 2834 u
1138 2765 1243 2840 L'ectio
1257 2767 1388 2859 quidem

288 2883 321 2952 in
339 2883 556 2955 controversia
573 2893 633 2954 est.
654 2889 736 2955 Sunt
753 2884 820 2976 qui,
841 2884 971 2975 optimis
989 2883 1083 2955 codd.
1101 2884 1184 2968 freti,
1200 2888 1294 2953 tuoto
1312 2902 1388 2954 cen-

290 3007 380 3069 seant
414 3019 486 3070 esse
520 2999 737 3071 scribendum.
774 3005 862 3070 Tunc
888 3003 981 3069 tuuao
1009 2999 1134 3070 dativus
1158 3008 1244 3070 esset
1276 3039 1314 3064 =
1347 2999 1387 3070 ad

290 3115 436 3186 humum.
456 3119 555 3184 Humi
572 3135 648 3187 uero
666 3115 746 3186 nibil
765 3115 860 3189 babet
878 3115 911 3184 in
934 3104 1021 3206 quod
1046 3115 1247 3187 offendamus
1275 3137 1283 3182 :
1311 3124 1388 3185 tunc

289 3230 374 3300 enim
397 3235 489 3322 Verg.
511 3230 811 3318 actioniseffectum
830 3229 981 3301 describit
1000 3238 1032 3301 et
1049 3230 1157 3301 ammo
1176 3229 1240 3300 iam
1264 3238 1387 3320 septem

289 3365 424 3437 corpora
441 3349 530 3414 turoi
549 3345 682 3417 iacentia
699 3346 854 3417 intuetur.
880 3346 939 3416 Hic
970 3345 1065 3416 etiam
1087 3353 1242 3440 apparent
1264 3346 1387 3438 antiqui

289 3461 414 3533 locativi
436 3461 578 3554 vestigia,
603 3461 659 3552 qui
682 3483 747 3533 una
768 3463 944 3553 eademque
966 3462 1069 3534 forma
1091 3461 1130 3533 ad
1150 3464 1256 3536 locum
1279 3465 1334 3534 ubi
1356 3471 1388 3534 et

290 3577 396 3648 locum
413 3597 473 3666 quo
490 3577 747 3668 exprimendum,
763 3587 800 3653 ut
819 3576 968 3662 vidimus,
991 3576 1127 3650 ualebat.
1283 3559 1285 3566 ’

336 3801 349 3864 t
356 3801 391 3866 2⁰
417 3799 461 3866 De
485 3797 631 3868 locativo.
659 3837 700 3847 -
729 3801 807 3867 bata
823 3797 989 3868 occasione
1017 3817 1119 3889 pauca
1136 3797 1261 3869 locativi
1279 3817 1386 3868 exem-

292 3911 345 4002 pla
357 3912 484 4004 Vergilii
503 3905 650 3996 referam,
671 3931 754 4004 quae
767 3932 833 3983 non
848 3933 947 4003 supra
959 3923 1147 3985 enumerata
1164 3921 1251 3984 sunt.

336 4043 413 4110 Cum
432 4041 608 4132 antiquitus
622 4041 788 4124 locativuS,
811 4050 846 4113 ut
858 4042 935 4126 dini,
956 4042 1062 4114 locum
1077 4045 1131 4114 ubi
1147 4052 1181 4114 et
1196 4063 1255 4132 quo
1274 4041 1386 4113 eadem

292 4154 395 4224 forma
407 4153 570 4240 indicaret,
583 4155 733 4247 paulatim
750 4165 856 4226 tamen
869 4177 949 4229 usus
962 4157 1107 4241 invaluit,
1122 4151 1160 4228 ut'
1174 4157 1307 4229 nomina
1320 4157 1386 4248 pri-

291 4289 363 4340 mae
375 4277 408 4340 et
421 4271 579 4342 secundae
597 4270 818 4343 declinationis
837 4271 868 4340 in
887 4293 937 4352 oc,
953 4274 965 4340 i
984 4273 1133 4343 exeuntia
1142 4275 1214 4344 'non
1230 4273 1293 4343 iarn
1314 4292 1385 4344 mo-

292 4392 372 4468 tum,
393 4385 449 4455 sed
466 4386 575 4457 sedem
594 4387 727 4459 actionis
745 4386 972 4478 exprimerent.
993 4391 1230 4460 Romanserunt
1243 4389 1340 4481 igitur
1352 4388 1385 4458 in

292 4503 389 4574 latina
399 4501 510 4596 lingua
518 4505 558 4575 ad
572 4506 774 4596 questionem
786 4507 841 4575 ubi
850 4503 1077 4596 respondentia
1089 4508 1383 4589 bumiruridoui,

292 4621 417 4700 domuc,
436 4620 517 4701 tuiti,
536 4628 672 4690 etcasus
686 4617 854 4692 nominum
867 4619 1072 4710 propriorum
1086 4619 1209 4711 primae
1221 4626 1253 4691 et
1271 4638 1385 4692 secun-

292 4731 351 4804 dae
369 4731 588 4805 declinationis
605 4734 638 4806 in
652 4755 701 4817 ou,
718 4737 730 4805 i
747 4743 913 4806 exeuntes.
929 4737 1043 4808 Poetae
1057 4755 1145 4820 vero,
1160 4735 1201 4808 ad
1216 4735 1384 4829 antiquum
