3528 5604
543 1910 603 1982 Sed
617 1931 681 2002 qua
694 1908 733 1979 de
746 1927 842 1979 causa
855 1905 1060 1998 potissimum
1074 1908 1114 1978 ad
1133 1907 1306 2000 Vergilium
1325 1931 1378 1982 me
1391 1915 1593 1998 contulerim,

498 2047 563 2098 non
581 2026 620 2096 ad
639 2026 738 2096 alium
763 2025 870 2095 minus
892 2032 1062 2096 tractatum
1093 2025 1292 2116 scriptorem,
1319 2027 1386 2098 sive
1408 2030 1596 2120 posterioris

498 2144 622 2226 acutis,
647 2142 757 2233 paucis
777 2141 1002 2232 exponendum
1022 2161 1093 2212 esse
1126 2142 1285 2214 existimo.
1305 2147 1383 2214 llam
1410 2145 1594 2228 multisoni,

498 2258 570 2328 etii
593 2257 722 2348 quidem
740 2256 928 2340 doctissimi,
949 2256 981 2326 in
1002 2257 1139 2348 Vergilio
1158 2257 1358 2330 emendando
1377 2268 1409 2330 et
1433 2281 1596 2332 commen-

499 2373 540 2444 tis
570 2371 760 2443 illustrando
789 2371 855 2443 lere
884 2372 1074 2444 immensam
1104 2392 1235 2463 operam
1258 2385 1540 2467 consumpserunt,
1565 2385 1597 2448 et

499 2489 613 2560 merito
636 2488 772 2558 dixerim
792 2495 936 2559 nostram
964 2496 1100 2558 aetatem
1127 2488 1202 2559 huic
1228 2491 1317 2580 operi
1349 2491 1547 2563 conficiendo
1565 2502 1598 2563 et

499 2603 693 2695 perficiendo
718 2612 838 2673 tantam
855 2603 974 2674 laboris
996 2623 1154 2674 summam
1170 2605 1380 2696 praestitisse,
1396 2617 1433 2677 ut
1448 2608 1499 2677 vix
1519 2608 1596 2698 quid

500 2721 542 2791 sit
560 2720 644 2790 ultra
660 2719 863 2791 efficiendum
888 2729 1050 2810 appareat.
1071 2725 1183 2792 Fateor
1202 2741 1254 2792 me
1280 2721 1377 2812 paolo
1394 2723 1596 2794 audaciorem

494 2835 611 2918 uideri,
631 2834 687 2926 qui
700 2833 740 2904 de
754 2834 903 2926 Vergilio,
923 2835 1014 2905 cuius
1033 2855 1130 2925 opera
1143 2835 1183 2906 ab
1214 2841 1379 2928 Wagnero‚
1410 2837 1593 2930 Forbigero‚

500 2951 713 3042 Coningtone,
747 2950 943 3044 Ladewigio,
975 2951 1142 3032 Bennisto‚
1173 2951 1364 3036 Ribbeckio‚
1403 2960 1439 3022 ut
1474 2961 1596 3024 ceteros

500 3076 633 3148 taceam,
650 3073 738 3135 tanta
755 3065 934 3137 eruditione
951 3065 1109 3136 illustrata
1127 3075 1213 3148 sunt,
1230 3065 1350 3156 aliquid
1373 3067 1447 3137 novi
1460 3075 1492 3137 et
1504 3067 1596 3138 inau-

502 3180 558 3250 diti
593 3181 626 3250 in
667 3180 770 3250 lucem
802 3181 945 3270 prolerre
981 3180 1098 3251 videar.
1135 3180 1227 3271 Apud
1265 3186 1459 3273 Wagnemm
1490 3183 1596 3272 ipsum

502 3296 740 3367 excusationem
758 3296 875 3387 incepti
902 3297 1045 3379 invenio;
1069 3316 1154 3367 nunc
1172 3297 1255 3367 enim
1272 3297 1376 3368 dicere
1402 3298 1497 3368 etiam
1511 3297 1594 3379 licet,

503 3410 590 3500 quod
615 3409 812 3482 clarissimus
844 3413 897 3482 ille
925 3413 1052 3504 Vergilii
1082 3421 1314 3484 commentator
1344 3414 1377 3483 in
1403 3413 1597 3504 praelatione

503 3526 686 3616 Heynianae
706 3527 854 3600 editionis
877 3551 896 3599 a
922 3549 957 3599 se
983 3537 1232 3602 reconsaerecte
1250 3529 1423 3619 scripsit«
1441 3527 1596 3619 Vergilius

504 3641 533 3711 is
546 3649 595 3711 est
612 3643 748 3733 scriptor
767 3645 833 3736 qui,
855 3645 928 3716 licet
950 3645 1165 3735 plurimorum
1182 3643 1334 3734 omnique
1360 3640 1454 3711 lande
1479 3641 1597 3711 lloren-

503 3758 584 3828 tium
612 3758 753 3830 virorum
781 3759 887 3831 studia
913 3769 1062 3851 expertus
1090 3760 1143 3839 sit,
1176 3767 1241 3828 tam
1272 3758 1461 3827 immensam
1493 3754 1596 3826 adhuc

503 3876 636 3967 praebet
666 3877 706 3947 ad
732 3879 951 3950 meditandum
989 3876 1335 3966 commentandumque
1361 3871 1538 3955 materiam,
1562 3880 1597 3941 ut

503 3992 601 4065 homo
619 4001 651 4064 et
662 3993 790 4086 ingenio
803 4003 835 4065 et
848 3995 992 4067 doctrina
1004 3994 1173 4066 abundans
1187 4000 1285 4063 totam
1298 3997 1432 4061 aetatem
1446 3988 1473 4059 si
1487 3988 1519 4057 in
1532 4008 1595 4058 uno

504 4111 564 4183 hoc
587 4120 682 4202 poeta
712 4111 924 4194 emendando,
957 4110 1156 4202 explicando,
1185 4105 1374 4178 illustrando
1403 4103 1593 4183 contriverit,

504 4249 572 4298 rem
594 4228 645 4297 vix
659 4228 761 4318 possit
773 4247 811 4298 eo
828 4247 893 4318 qno
908 4227 1013 4318 cupiat
1026 4225 1195 4296 adducere.
1223 4245 1241 4290 u

548 4345 703 4416 Omnibus
718 4355 831 4416 notum
845 4353 1010 4436 praetcrea
1023 4342 1195 4434 Vergilium
1210 4347 1242 4410 ct
1259 4338 1441 4408 Ciceronem
1460 4335 1596 4405 maxima

504 4461 587 4531 inter
605 4480 718 4531 omnes
736 4461 853 4532 latinos
879 4459 1051 4550 scriptores
1077 4457 1225 4549 puritate,
1254 4455 1411 4547 elegantia
1435 4461 1467 4525 et
1496 4451 1596 4523 abuu-

505 4577 613 4648 dantia
629 4552 782 4662 eminere,
809 4577 1042 4667 maximosque,
1068 4582 1104 4645 nt
1121 4574 1164 4643 ita
1177 4571 1292 4656 dicam,
1309 4571 1427 4642 latinae
1445 4569 1595 4642 orationis

505 4695 641 4770 artifices
653 4695 764 4777 luisse,
778 4703 815 4767 ut
828 4714 901 4768 vere
924 4691 985 4768 dici
999 4691 1100 4783 possit
1120 4689 1204 4786 apud
1223 4708 1278 4762 eos
1302 4688 1433 4761 latinam
1456 4687 1594 4778 linguam
