3528 5604
947 633 1171 710 -80-‘

677 981 696 1066 §
715 982 747 1050 5.
769 1017 809 1029 -
833 981 1007 1053 Gnvnrrvus
1026 997 1176 1050 urrnmrn
1190 997 1227 1050 nr
1245 997 1381 1048 ennnnrs.

525 1279 696 1352 Genetivus
725 1278 843 1350 indicat
861 1278 1040 1362 materiam,
1068 1299 1107 1351 ox
1125 1299 1188 1371 qna
1215 1277 1336 1370 aliquid
1355 1279 1505 1362 sumitur,
1533 1279 1584 1348 vel

481 1417 583 1489 genus
610 1415 825 1485 rerumquae
851 1395 980 1466 nomine
1011 1405 1140 1488 regente
1167 1396 1381 1466 eontinentur.
1409 1395 1585 1465 Genetivus

480 1511 632 1581 materiae
651 1510 690 1580 ab
710 1509 847 1583 ablativo
873 1531 946 1581 oum
960 1511 1197 1602 praepositione
1223 1510 1329 1580 disten
1352 1529 1403 1593 ee,
1424 1509 1511 1600 qnod
1530 1508 1584 1578 hio

481 1625 651 1696 adhibetur
667 1624 708 1694 ad
725 1624 890 1696 materiam
908 1625 1037 1716 proprie
1060 1625 1262 1696 indicandam
1275 1646 1314 1694 en
1325 1645 1390 1718 qno
1406 1644 1457 1694 res
1474 1623 1585 1714 aliqua

481 1737 666 1830 effingitur:
689 1758 854 1809 «mensae
872 1759 1068 1822 amarmore,
1100 1746 1203 1809 mater
1224 1761 1264 1808 en
1279 1759 1350 1807 aere
1366 1762 1373 1820 ;
1392 1760 1409 1805 >v
1437 1738 1491 1807 ille
1504 1757 1582 1808 vero

480 1857 588 1947 potius
615 1875 716 1949 genus
743 1856 813 1927 eius
840 1856 895 1927 rei
909 1857 1081 1948 exprimit:
1116 1857 1293 1926 «flumina
1323 1857 1426 1938 tortis,
1453 1865 1582 1927 montes

480 1971 608 2039 anri.»
672 2019 674 2024 .

522 2088 560 2155 In
576 2105 672 2176 prosa
686 2086 830 2157 oratione
847 2105 978 2176 perraro
996 2085 1160 2178 genetivus
1179 2085 1233 2156 ille
1250 2085 1402 2156 materiae
1421 2085 1454 2155 in
1482 2105 1580 2158 usum

480 2200 576 2271 venit.
1539 2193 1546 2198 ”

523 2315 636 2406 Liquet
663 2317 814 2387 omnibus
843 2316 1025 2408 genetivum
1048 2315 1199 2386 materiae
1227 2316 1372 2408 genetivo
1392 2315 1579 2406 quantitatis

480 2451 551 2502 esse
567 2431 751 2516 finitimum,
777 2433 821 2503 ita
838 2442 873 2504 ut
892 2433 974 2503 duae
1002 2433 1150 2504 notiones
1180 2433 1326 2524 genetivo
1358 2433 1454 2503 simul
1473 2433 1580 2524 expri-

479 2560 619 2634 mantur,
639 2560 670 2623 et
684 2571 779 2643 saepe
798 2553 979 2643 genetivum
997 2551 1149 2623 materiae
1165 2561 1198 2622 et
1211 2552 1337 2644 generis
1351 2551 1392 2622 ad
1415 2573 1487 2644 gen.
1504 2571 1581 2643 epe-

390 2741 402 2768 ,
479 2667 655 2759 regetioum
669 2667 718 2738 vei
736 2667 950 2759 appositivum
968 2687 1064 2758 posse
1083 2667 1205 2740 referri.

522 2787 626 2853 Pauoa
644 2782 695 2853 hio
708 2792 831 2854 tantum
859 2803 898 2853 en
912 2783 1048 2874 Vergilio
1067 2784 1213 2874 exempla
1229 2783 1376 2867 referam,
1398 2784 1430 2853 in
1458 2784 1577 2875 quibus

478 2899 643 2991 genetivus
661 2899 839 2982 materiam,
859 2898 908 2968 vei
927 2918 1040 2990 genus,
1061 2898 1110 2970 vel
1126 2899 1222 2998 etiam
1242 2900 1452 2990 quantitatem
1470 2901 1578 2990 expri-

478 3013 548 3084 mit.

521 3131 558 3199 G.
579 3134 605 3212 Ι,
632 3133 695 3199 397
714 3152 732 3196 «
751 3129 871 3200 Tenuia
892 3149 951 3201 neo
969 3132 1060 3200 innon
1080 3150 1138 3221 per
1163 3130 1287 3201 eaelum
1315 3133 1429 3201 vellera
1447 3132 1534 3202 terri.
1557 3156 1574 3200 »

479 3248 541 3314 593
556 3267 574 3311 «
587 3249 850 3335 pennarumque
863 3248 975 3333 globos.
991 3269 1010 3314 v
1025 3250 1066 3329 ΙΙ,
1082 3250 1144 3316 555
1158 3269 1176 3313 «
1191 3247 1319 3334 Argenti
1330 3245 1416 3316 rivos
1429 3249 1577 3336 aerisque

477 3361 615 3429 metnttn.
637 3381 655 3428 v
675 3364 738 3429 555
758 3383 776 3427 o
794 3365 944 3430 Armenta
977 3364 1077 3430 tunm.
1098 3387 1113 3424 v
1142 3366 1194 3444 tv,
1229 3365 1329 3431 5288
1355 3382 1458 3452 pauca
1474 3361 1575 3432 relicti

478 3476 588 3562 ingero
613 3477 712 3544 rnris.
735 3498 753 3542 »
776 3478 812 3544 Α.
832 3479 859 3558 Ι,
892 3481 954 3545 555
974 3499 991 3543 v
1011 3485 1204 3567 praeruptus
1231 3497 1332 3563 nonne
1348 3497 1481 3544 mons.»
1511 3481 1574 3546 395

480 3611 497 3656 «
516 3589 661 3680 ignotum
681 3594 803 3677 arpenti
818 3593 939 3680 pondus
957 3599 988 3661 et
1001 3592 1088 3660 anri.
1106 3614 1124 3658 »
1143 3594 1180 3672 V,
1207 3595 1271 3660 559
1291 3614 1308 3658 «
1328 3591 1444 3684 flexilis
1462 3593 1576 3660 obtorti

478 3724 537 3796 per
552 3704 670 3776 collum
684 3707 822 3775 oironlns
835 3708 922 3775 anri.
941 3729 959 3774 v>
977 3710 1060 3788 vtfl,
1081 3711 1144 3775 688
1162 3728 1180 3773 o
1199 3727 1275 3797 pars
1292 3707 1432 3777 maxima
1449 3709 1575 3795 pinnatos

389 3815 393 3821 ’
477 3817 603 3889 liventis
616 3820 733 3908 plonbi
747 3818 880 3910 spargit.
902 3822 972 3902 vx,
988 3823 1051 3888 582
1072 3841 1089 3886 «
1104 3827 1151 3889 tot
1167 3821 1247 3906 ferri
1260 3833 1359 3906 torpa,
1376 3825 1423 3889 tot
1440 3820 1533 3888 neris.
1555 3840 1573 3885 a

478 3938 513 4004 Α.
533 3937 591 4017 ΠΙ,
612 3937 687 4004 67«
707 3934 877 4020 Sanguinis
897 3941 928 4002 et
947 3932 1028 4002 saori
1046 3942 1184 4022 pateras.
1206 3955 1224 3999 >›

522 4053 622 4141 Saepe
644 4049 677 4120 in
704 4049 811 4122 looum
837 4049 973 4142 genetivi
1004 4047 1141 4139 generis,
1171 4046 1365 4140 eporegetioi
1396 4046 1446 4116 vel
1477 4046 1573 4118 etiam

478 4165 653 4256 possessivi
673 4165 814 4243 soooedit
830 4164 941 4247 ablat,
968 4164 1024 4256 qui
1041 4163 1082 4237 ad
1100 4162 1196 4235 ablat.
1217 4161 1421 4234 instrumenti
1433 4161 1482 4231 vel
1504 4181 1574 4232 ma-

478 4279 575 4350 teriae
588 4262 774 4352 referendus
792 4289 852 4351 est.
868 4285 920 4363 Vl,
938 4284 1000 4350 705
1020 4303 1039 4348 r
1057 4281 1201 4368 Virpntto
1216 4278 1364 4350 sonantia
1375 4279 1486 4359 sitone;
1509 4285 1574 4346 »et

476 4399 546 4479 ΧΙΙ,
567 4401 631 4467 522
651 4420 669 4464 «
693 4399 837 4485 Virpnltn
855 4397 1001 4468 sonantia
1024 4398 1128 4465 tnnro.
1158 4418 1175 4464 a
1202 4396 1258 4482 (=
1289 4393 1370 4464 lauri
1398 4392 1570 4481 sonantis),

477 4513 546 4592 XII,
579 4513 642 4579 563
675 4511 830 4581 «strictis
857 4530 948 4602 seges
973 4512 1172 4579 mucronibus
1188 4508 1315 4595 horret.
1346 4510 1448 4596 v'(=
1481 4527 1572 4598 seges

477 4643 668 4697 mucronum
687 4625 902 4715 strietorum3)
921 4625 960 4695 ni.
981 4619 1038 4709 ΙΙΙ,
1059 4628 1100 4693 55
1127 4623 1302 4695 «telorum
1331 4643 1468 4715 seges.»
1500 4625 1569 4692 ΧΠ.
