3528 5604
720 709 893 774 ..25-

252 892 321 963 solo
335 891 431 961 ablat.
447 887 622 960 construit:
641 909 660 954 c
680 892 810 956 Terram
825 906 909 977 quae
920 887 1047 956 dissidet
1057 887 1192 996 sceptris.
1200 884 1360 956 nostris.»
1429 853 1432 862 Ι

250 1013 362 1078 Arcere
374 1006 460 1097 apud
472 1005 637 1097 prosaicos
653 1003 846 1094 plerumque
858 1003 955 1074 ablat.
970 1014 1044 1074 cum
1057 1006 1098 1072 ct
1111 1015 1186 1092 post
1199 1023 1234 1072 se
1246 1001 1358 1084 habet3

250 1123 408 1214 Vergilius
431 1141 507 1192 vero
530 1125 566 1189 A.
596 1123 664 1202 ΙΙΙ,
704 1123 796 1188 3Ι6-;
834 1123 934 1188 «Ast
962 1117 1042 1188 alias
1065 1118 1160 1210 longe
1190 1117 1361 1188 submotos

249 1251 336 1307 arcet
354 1241 487 1306 torono.
507 1259 525 1302 a
546 1233 651 1305 Verba
682 1237 826 1304 certandi
853 1243 885 1304 et
916 1237 1123 1324 comparendi
1150 1253 1223 1304 cum
1242 1231 1307 1302 abl.
1329 1241 1361 1303 et

249 1373 360 1444 praep:
382 1373 455 1422 com
475 1351 581 1423 solent
601 1352 768 1433 construi;
790 1358 904 1441 poetae
920 1370 1008 1432 vero,
1029 1349 1147 1442 Vergil.
1170 1349 1203 1419 in
1231 1347 1357 1438 primis,

161 1520 164 1524 -
249 1466 724 1558 praepomittuntetdativum
737 1451 1131 1536 sclum'eiusmodiverbis
1144 1464 1356 1554 subiungunt;

248 1587 362 1675 Georg.
383 1588 425 1666 ΙΙ,
446 1589 488 1656 99
505 1607 512 1652 :
534 1605 552 1651 c
569 1587 630 1654 Coi
647 1605 713 1654 non
730 1583 899 1654 certaverit
915 1582 998 1666 ulla;
1017 1606 1034 1650 p
1052 1582 1119 1653 ibid
1135 1586 1197 1651 l37
1214 1605 1222 1650 :
1239 1605 1257 1649 «
1275 1585 1359 1650 Lau-

247 1677 343 1770 dibus'
355 1702 472 1770 Italica
485 1709 623 1784 certent;
641 1725 658 1768 »
678 1705 757 1771 Hor.
777 1700 837 1770 Od.
857 1703 899 1781 ΙΙ,
916 1703 1019 1781 6,l5:
1046 1721 1064 1766 «
1079 1698 1245 1788 Viridique
1261 1705 1361 1767 certat

246 1816 343 1886 bacca
355 1820 502 1904 oeaofrm
521 1840 539 1884 »
556 1821 659 1887 serm.
676 1822 718 1900 ΙΙ,
741 1823 773 1899 5,
792 1821 849 1885 le:
868 1818 1032 1885 «Certans
1048 1816 1239 1884 rudioribus.
1262 1836 1279 1880 »
1297 1811 1359 1882 Sed

248 1932 343 2023 plura
358 1933 506 2022 exempla
532 1953 615 2024 quae
640 1933 722 2003 hanc
751 1931 964 2003 differentiam
998 1928 1190 2001 confirment
1209 1950 1268 1999 suo
1288 1929 1359 2000 loco

246 2047 433 2118 allerentur.
447 2053 564 2118 Poetae
577 2048 675 2119 verba
700 2048 830 2137 passiva
844 2066 958 2138 graeco
972 2065 1063 2116 more
1078 2065 1176 2137 saepe
1202 2065 1276 2116 cum
1302 2045 1371 2115 da-,

246 2164 311 2234 tiro
326 2183 485 2253 personae
505 2165 628 2256 agentis
647 2172 851 2246 construunt,
872 2161 959 2253 quod
980 2161 1110 2253 quidem
1141 2170 1174 2231 et
1201 2161 1360 2252 pedestris

247 2279 401 2349 orationis
432 2280 606 2370 scriptores
626 2280 795 2350 imitantur
825 2288 856 2349 et
881 2287 955 2368 post
977 2277 1145 2369 participia
1171 2277 1303 2366 perfecti
1329 2288 1361 2349 et

247 2404 393 2484 tempora
411 2393 451 2463 ab
467 2395 513 2464 eis
528 2395 671 2465 derivata
689 2395 833 2466 dativum
849 2393 1011 2464 interdum
1026 2393 1212 2462 admittunt.

291 2509 378 2579 Aliae
385 2509 489 2598 poetis
504 2520 679 2600 usurpatae
691 2509 959 2591 constructiones,
972 2507 1012 2578 ad
1022 2526 1170 2599 graecam
1185 2507 1357 2597 syntaxim,

249 2643 305 2693 eae
324 2624 358 2692 in
376 2625 490 2714 primis
506 2645 589 2715 quae
605 2626 645 2696 ad
661 2645 795 2696 casuum
815 2645 913 2694 usum
931 2624 1105 2714 pertinent,
1127 2631 1204 2692 sunt
1221 2621 1359 2693 releren-

249 2738 319 2821 dae,
334 2738 553 2810 ethellenismi
564 2751 732 2812 vocantur.
742 2743 1093 2831 Omnesdugustaneae
1106 2738 1219 2809 aetatis
1231 2747 1357 2828 poetae,

248 2853 407 2944 Vergilius
429 2855 606 2944 inprimis,
627 2864 660 2925 et
677 2855 841 2938 Horatius,
868 2854 1012 2936 Ouidius,
1033 2852 1192 2934 Tibullus,
1221 2857 1360 2942 Proper-

249 2967 325 3049 utis,
345 2967 404 3036 has
430 2987 559 3059 graecas
578 2969 611 3038 in
629 2969 761 3039 latinam
779 2969 922 3060 linguam
950 2968 1148 3037 induxerunt
1165 2966 1365 3048 locutiones,-

247 3103 328 3173 quas
343 3084 405 3175 ipsi
427 3104 543 3174 prosae
567 3087 722 3156 orationis
747 3087 932 3176 scriptores,
954 3094 1066 3176 poetas
1085 3074 1200 3153 imitati
1219 3083 1360 3154 admise-

249 3206 335 3267 runt.
347 3199 399 3269 Sic
413 3200 500 3290 apud
514 3200 639 3286 Livium
653 3222 770 3292 magna
784 3200 1050 3271 hellenismorum
1065 3199 1157 3290 copia
1171 3207 1357 3281 occurrunt,

158 3397 169 3406 ι
250 3333 331 3404 qnos
351 3315 494 3404 quasiin
507 3311 725 3386 immensitate
742 3316 850 3407 operis
868 3316 1003 3385 latentes
1018 3314 1188 3406 diligenter
1202 3314 1361 3403 excerpsit

250 3427 408 3498 Kiihmast
425 3430 458 3498 in
479 3429 562 3500 libro
576 3430 639 3499 iam
654 3430 783 3501 laudato
803 3430 843 3499 de
856 3429 987 3499 Liviana
1004 3429 1145 3519 syntaxi
1163 3421 1371 3498 Haeccine

250 3565 360 3615 corum
379 3545 413 3614 in
427 3545 533 3615 verbis
552 3546 781 3616 connectendis
794 3545 930 3617 imitatio
950 3554 1050 3617 totam
1064 3545 1152 3615 illam
1169 3521 1359 3616 latinitatem

249 3659 394 3750 pervadit
424 3668 456 3730 et
480 3667 639 3749 penetrat,
665 3679 761 3749 quae,
779 3667 927 3750 argentea
962 3658 1089 3728 dicitur.
1122 3659 1249 3728 Tacitus
1285 3666 1359 3728 ante

249 3793 374 3856 omnes,
391 3774 521 3864 quisihi
535 3774 753 3866 multomagis
768 3795 865 3864 quarn
878 3774 975 3844 ceteri
990 3774 1189 3866 Vergilianae
1203 3775 1359 3870 orationis

249 3887 429 3959 libertatem
452 3889 623 3978 proposuit
650 3889 850 3970 imitandam,
870 3889 982 3978 plures
1001 3888 1097 3958 etiam
1117 3909 1247 3980 graecas
1268 3889 1358 3960 lecu-

248 4004 353 4074 tiones
373 4004 552 4094 usurpavit.
579 4009 649 4086 Qua
679 4005 896 4096 graecissandi
916 4006 1062 4076 libertate
1095 4007 1139 4076 ita
1164 4007 1286 4077 abusus
1309 4014 1360 4076 est

249 4120 402 4214 Apuleius
419 4129 455 4190 ut
473 4139 548 4192 rere
562 4120 714 4212 pudenda
732 4121 802 4192 eius
817 4121 919 4191 oratio
934 4120 1090 4191 videatur.
