3528 5604
909 635 1078 704 ..-34..

440 812 695 904 (Weissenborn,
717 815 826 903 Hertz)
857 812 889 882 ia
911 809 1060 905 rejottent
1090 813 1171 884 dans
1200 799 1361 885 tite-Live
1386 816 1455 896 Vll,
1486 816 1545 896 36;

438 931 522 1001 mais
538 951 601 1002 von
618 935 680 1001 Jan
699 930 731 1000 la
749 950 914 1013 conserve,
936 930 1026 1000 Ptine
1044 934 1084 999 H.
1103 933 1140 1000 N.
1161 934 1202 1012 ΙΙ,
1222 935 1274 1012 ta,
1296 938 1328 1000 et
1346 928 1435 1000 aussi
1449 927 1546 1020 Vogel

439 1046 520 1117 dans
531 1045 763 1129 Quinte-Curae
781 1049 833 1128 IV,
856 1051 887 1129 t,
909 1050 961 1114 t8.
977 1051 1016 1116 te
1033 1065 1074 1115 nc
1091 1045 1165 1136 puis
1180 1045 1263 1116 donc
1276 1045 1494 1135 m'omptcher
1508 1043 1555 1112 de'

439 1162 541 1232 croire
560 1160 737 1251 al'emploi
755 1160 895 1251 rogulier
913 1169 944 1231 et
958 1160 1119 1231 ordinaire
1135 1161 1180 1231 du
1194 1161 1366 1231 nominatis
1376 1180 1451 1230 avec
1465 1159 1550 1229 l'im-

438 1275 564 1370 paravit.
582 1276 768 1346 seulement
788 1275 822 1366 je
848 1275 931 1345 crois
945 1295 1008 1366 que
1027 1284 1077 1346 oet
1095 1275 1232 1366 adjvactis,
1254 1276 1403 1367 employa
1419 1282 1550 1345 surtout

439 1391 519 1462 dans
534 1391 581 1462 les
599 1390 767 1472 immutes,
795 1390 879 1460 avait
900 1390 1004 1482 perdu
1030 1391 1062 1460 la
1078 1391 1190 1462 valeur
1208 1391 1249 1462 de
1268 1412 1305 1461 sa
1322 1391 1547 1473 torminaisou‚

439 1527 564 1579 commo
595 1507 644 1577 les
670 1505 813 1597 adjectiis
843 1506 1075 1577 determinatifs
1101 1510 1163 1592 itte,
1191 1510 1265 1597 ipse,
1280 1503 1361 1590 'ista
1395 1516 1503 1577 otc...
1531 1529 1549 1574 »

438 1625 527 1704 Quae
549 1621 727 1693 doctissimi
751 1621 811 1691 viri
833 1621 943 1712 opinio
967 1622 1059 1692 valdo
1084 1623 1181 1692 etiam
1208 1622 1386 1714 probanda,
1408 1622 1547 1693 videtur.

439 1739 475 1808 Ei
489 1758 548 1830 ogo
560 1738 647 1808 ineo
662 1737 822 1808 assentior
836 1737 923 1829 quod
938 1756 1051 1808 eorum
1066 1738 1251 1828 opinionem
1265 1739 1398 1809 omniuo
1413 1739 1549 1809 reicien-

439 1855 514 1925 dam
528 1874 742 1955 esse-censeo,
760 1854 816 1946 qui
829 1867 929 1924 amoto
948 1853 1137 1924 adverbium
1155 1875 1227 1925 csse
1246 1855 1456 1926 contendunt.
1478 1858 1548 1924 Nou

439 1971 527 2042 enim
546 1970 654 2062 magui
674 1971 819 2054 interest,
841 1978 951 2041 utrum
969 1983 1069 2040 roceto
1088 1971 1251 2041 vocativus
1270 1992 1311 2040 an
1330 1969 1548 2041 nominativus

439 2086 607 2169 habeatur,
628 2106 714 2169 curn,
735 2095 772 2156 ut
796 2106 895 2177 supra
922 2106 961 2156 ox
985 2085 1065 2156 locis
1092 2086 1221 2178 Vergilii
1247 2086 1363 2170 allatio,
1392 2073 1545 2168 vidimus,

439 2202 602 2275 vocativus
613 2201 797 2272 attributivo
810 2202 881 2273 loco
895 2200 1083 2273 nominativi
1107 2223 1342 2294 nonnunquam
1357 2209 1545 2293 usurpetur.
