3528 5604
936 635 1108 712 ..42-

467 821 607 888 sonitum
624 819 793 906 increpuit.
813 841 830 885 »
855 817 900 886 ci.
921 820 999 887 Hor.
1023 815 1082 886 Od.
1103 819 1145 897 ΙΙ,
1167 819 1220 898 Ι7,
1241 821 1282 885 ib
1301 839 1308 885 :
1326 839 1344 882 u
1363 815 1507 905 Populus
1529 823 1582 884 ter

469 936 589 1006 laetum
605 936 726 1023 crepuit
739 955 861 1002 sonum.
880 956 898 1000 u

509 1073 641 1138 Sortore.
658 1069 693 1136 A.
710 1071 778 1147 XII,
795 1071 859 1136 529
874 1090 881 1134 :
898 1088 916 1132 «
930 1066 1068 1156 Antiqua
1080 1085 1214 1135 avorum
1227 1076 1388 1134 serentem
1401 1064 1579 1132 nomino.»

468 1183 533 1254 Eoi.
554 1187 591 1265 V,
611 1186 676 1252 dd:
698 1204 716 1248 u
749 1185 842 1270 Ipsae
865 1181 928 1250 iam
948 1188 1095 1250 carmine
1129 1199 1239 1270 rupea
1273 1184 1349 1270 Ipsa
1380 1191 1493 1248 sonunt
1513 1198 1579 1252 ar-

467 1300 575 1371 busta.
598 1322 616 1366 »

511 1430 629 1495 Sonare
649 1444 723 1495 cum
743 1444 781 1494 ea
798 1421 1030 1513 significatione
1057 1421 1158 1491 activa
1186 1421 1313 1510 primus
1334 1420 1385 1490 hic
1416 1419 1579 1510 Vergilius

468 1541 625 1622 adhibui-t,
658 1561 755 1630 quem
790 1550 866 1610 tunc
900 1537 1116 1628 Augustianae
1149 1538 1261 1640 aetatis
1294 1537 1467 1628 scriptores
1500 1545 1580 1606 sunt

468 1657 593 1727 imitati.

510 1777 649 1863 spirare.
676 1777 712 1842 G.
734 1778 791 1855 111,
812 1777 899 1854 356;
925 1795 942 1839 «
965 1777 1099 1863 Semper
1117 1775 1271 1861 spirantes
1288 1775 1413 1860 sripore
1431 1772 1536 1840 Cauri.
1559 1795 1577 1838 »

514 1909 644 1972 Tenere.
662 1907 750 1985 AV,
773 1908 859 1972 bid:
881 1924 899 1968 u
915 1907 1012 1972 Terra
1030 1909 1156 1971 centum
1185 1915 1273 1970 tooot
1298 1921 1354 1971 ore
1372 1904 1452 1970 dees.
1471 1924 1488 1968 »
1508 1906 1579 1971 Hoc

467 2039 533 2090 uno
546 2018 616 2089 loco
636 2018 763 2110 Vergilii
785 2017 919 2088 verbnm
937 2019 1068 2087 torrendi
1082 2017 1113 2085 vi
1141 2017 1308 2086 transitiva
1324 2016 1471 2087 adhiberi
1487 2017 1578 2087 vide-

467 2143 530 2205 tur.

511 2333 555 2397 Ea
573 2329 781 2412 constructio,
812 2350 885 2400 cum
906 2331 1067 2401 obiectum
1100 2331 1132 2398 in
1162 2331 1342 2401 accusativo
1361 2331 1503 2421 positum
1528 2339 1579 2400 est

466 2463 585 2514 nornen
614 2445 759 2514 eiusdem
791 2447 899 2536 stirpis
928 2455 1024 2536 atque
1057 2446 1192 2537 originis
1224 2455 1321 2536 atque
1352 2447 1499 2528 vorhtun,
1526 2447 1578 2516 vel

376 2579 379 2587 ·
466 2568 619 2649 cognatae
649 2561 903 2652 significationis,
938 2582 957 2629 a
989 2562 1205 2652 grammaticis
1237 2561 1450 2652 scriptoribus
1473 2562 1578 2653 figura

466 2678 601 2743 eiusdem
614 2679 708 2764 etprui
722 2676 771 2751 vel
788 2679 991 2764 etprooiepico
1009 2685 1151 2759 vocatur,
1174 2685 1205 2746 et
1221 2677 1254 2745 in
1272 2697 1370 2768 prosa
1388 2677 1484 2774 etiarp
1502 2697 1577 2748 ora-

467 2790 553 2867 tione
572 2800 759 2882 usurpatur.
782 2792 858 2862 Eius
884 2792 1010 2884 generis
1043 2801 1120 2862 sunt
1147 2793 1347 2884 Vergilianae
1370 2793 1573 2864 locutiones:

467 2909 513 2974 ire
528 2909 614 2976 cient
633 2911 668 2975 A.
690 2911 743 2988 ΙΙΙ,
766 2911 852 2989 io&
874 2912 926 2990 VI,
947 2913 1010 2978 tui
1023 2932 1035 2990 ,;
1058 2912 1095 2976 G.
1116 2912 1173 2990 ΙΙΙ,
1191 2912 1232 2976 77
1250 2933 1257 2986 ;
1277 2949 1317 2958 -
1332 2912 1450 2979 irritor
1468 2913 1503 2977 A.
1521 2913 1572 2991 IV,

469 3028 556 3105 Ιο8;
579 3064 619 3072 --
637 3045 764 3092 currere
782 3027 841 3093 iter
865 3028 901 3106 V,
919 3029 1008 3106 862;
1029 3063 1070 3072 -
1090 3027 1237 3092 cernitori
1255 3027 1323 3116 iter
1349 3029 1401 3107 VI,
1423 3029 1511 3107 ttu;
1535 3063 1574 3075 -

466 3143 574 3226 supere
589 3142 657 3207 cios
671 3131 681 3206 :²
700 3143 770 3221 XII,
788 3143 864 3222 tot,
884 3140 969 3210 Mille
982 3143 1067 3228 sopit
1081 3143 1265 3230 refecitque
1282 3142 1363 3224 cios.

509 3252 614 3322 Latini
642 3273 715 3322 cum
744 3254 821 3323 talia
850 3255 948 3324 verba
977 3255 1142 3324 transitive
1169 3276 1242 3325 cum
1275 3276 1340 3326 acc.
1369 3264 1571 3337 construunt,

469 3371 607 3437 Graecos
626 3368 804 3451 imitantur,
821 3359 908 3459 apud
922 3390 1004 3460 quos
1022 3370 1109 3440 idem
1127 3371 1194 3440 fere
1211 3391 1291 3440 usus
1310 3372 1480 3461 reperitur.
1497 3376 1574 3440 Nam

469 3494 544 3572 post
574 3482 775 3552 intransitiva
804 3485 902 3554 verba
933 3485 1029 3554 etiam
1048 3484 1177 3574 passiva
1206 3486 1423 3554 accusativum
1451 3496 1575 3576 ponunt

470 3598 614 3668 eiusdem
635 3599 744 3690 stirpis
766 3608 797 3669 et
815 3601 961 3691 originis,
982 3600 1194 3670 velociusoem
1214 3601 1468 3692 significationis,
1489 3603 1573 3692 qrrod

470 3717 602 3782 interius
619 3716 769 3782 obiecture
784 3717 911 3787 Curtius
926 3717 1065 3806 appellat
1082 3717 1299 3804 (Griechische
1318 3721 1426 3787 Gram.
1444 3720 1461 3804 ξ
1476 3721 1570 3807 t00);

470 3828 581 3911 idest,
611 3829 643 3899 in
672 3831 796 3901 actione
821 3833 893 3922 ipsa
921 3833 985 3902 iam
1011 3832 1168 3903 residens.
1196 3832 1247 3901 Sic
1265 3833 1350 3922 apud
1369 3837 1569 3903 Homerum:

470 3929 544 4004 Atta
554 3935 630 4027 b'upp
645 3949 734 4035 ἄλλῃσι
754 3951 1032 4030 μάχην·ἒ’μαχοντο
1046 3955 1152 4008 νέεσσιν.
1165 3988 1204 3998 --
1214 3975 1249 4026 τῳ
1259 3957 1359 4009 πείσεαι
1374 3949 1400 4017 ὃς
1417 3955 1456 4007 uin
1472 3956 1572 4028 ἀρίστην

469 4065 577 4127 coutet
602 4069 760 4152 coeterae.
793 4054 877 4135 Quin
902 4054 954 4124 bic
980 4055 1179 4138 accusativus
1199 4075 1265 4124 non
1288 4074 1346 4145 per
1369 4054 1508 4144 ellipsim
1526 4054 1573 4122 in-

468 4169 695 4259 terpretandus
716 4170 762 4246 ¹sit
786 4190 881 4240 nemo
911 4171 975 4240 iam
1006 4169 1176 4240 dubitabit.
1210 4171 1304 4239 Omni
1336 4170 1446 4253 verbe,
1480 4171 1572 4241 etiarn

469 4284 682 4368 intransitive,
698 4286 746 4354 vis
762 4286 846 4360 inest
856 4286 1019 4376 ,quaedam
1038 4295 1070 4358 ct
1087 4287 1175 4358 notio
1190 4285 1336 4357 actionis.
1356 4286 1447 4355 Unde
1465 4306 1572 4356 ncces-

469 4398 590 4467 serium
617 4408 666 4469 est
694 4408 730 4469 ut
754 4400 817 4491 ipsi
840 4400 937 4471 verbo
961 4401 1163 4471 intransitivo
1190 4399 1350 4470 obiectum
1369 4401 1493 4490 patiens
1520 4401 1568 4481 sit,

469 4513 556 4604 quod
574 4534 648 4583 oum
663 4515 695 4584 in
713 4516 811 4596 uerbo
830 4517 901 4606 ipso
916 4516 1007 4605 quasi
1024 4516 1130 4597 lateat,
1147 4515 1276 4585 verbale
1289 4516 1338 4584 vel
1353 4515 1487 4589 interius
1502 4536 1571 4586 cum

468 4629 577 4714 ¹Curtio
602 4632 1066 4722 appellaverim.Accusativus
1085 4651 1160 4702 vero
1177 4631 1233 4721 qui
1253 4631 1350 4702 verbo
1370 4631 1571 4722 subiungitur
