3490 5604
681 665 722 680 -
746 630 802 698 l5l
832 665 872 679 ·-

226 815 281 894 XI,
311 816 368 882 68l
405 814 649 902 «Consurgunt
673 812 818 904 geminae
853 831 990 902 quercus
1019 807 1210 901 intohsaque
1239 814 1321 882 coelo

226 927 376 997 attollunt
394 926 507 1018 capita.
530 949 548 993 n
568 929 605 995 G.
629 930 656 1008 Ι,
683 931 747 996 322
766 947 784 993 «
801 929 902 1016 Saepe
920 923 1015 994 etiam
1031 924 1225 994 immensum
1239 929 1322 995 coelo

227 1041 314 1113 venit
332 1062 446 1134 agmen
462 1061 630 1132 aquarum.
649 1064 667 1110 a
698 1041 757 1111 Hic
781 1049 888 1111 tamen
908 1042 989 1111 eaelo
1015 1059 1074 1129 pro
1093 1039 1198 1111 dativo
1217 1040 1321 1112 ethico

227 1155 331 1247 possit
347 1155 458 1226 haberi
474 1177 481 1222 :
499 1153 593 1226 ‘Caelo
606 1172 765 1247 aquarum
784 1175 898 1246 agmen
923 1153 1010 1225 uenit
1023 1184 1065 1216 =
1088 1153 1132 1224 ita
1148 1165 1185 1226 nt
1198 1154 1321 1226 caelum

228 1273 517 1364 indeohscuretur.
584 1305 586 1310 ⁴

271 1391 421 1480 Olympo:
442 1392 479 1458 G.
500 1392 552 1470 Ill,
578 1394 641 1458 562
662 1410 680 1455 u
696 1388 850 1479 Viamque
866 1387 1001 1460 adfectat
1013 1390 1151 1478 Olprnpo.
1169 1411 1187 1456 »

254 1487 361 1575 's0n2
386 1508 481 1587 nm,
498 1509 561 1574 aaa
586 1527 604 1572 «
618 1509 729 1595 ipsum
748 1525 886 1595 pronum
910 1501 1140 1576 sternasou.»
1163 1508 1232 1585 xri,
1258 1509 1321 1573 aso

229 1641 248 1686 c<
268 1622 345 1688 Cum
368 1626 439 1689 rota
456 1618 660 1709 praecipitem
673 1659 714 1668 -
737 1618 865 1708 impulit
882 1619 1056 1709 elluditque
1068 1619 1143 1688 solo.
1161 1623 1262 1687 »632
1275 1616 1321 1685 id.¹

271 1735 355 1803 Bello
372 1757 380 1802 ε
400 1736 436 1802 h.
457 1737 524 1816 llll,
545 1738 601 1803 hcl
636 1757 654 1800 «
669 1732 738 1803 Ibat
756 1742 788 1804 et
805 1733 968 1824 Hippolyti
982 1735 1089 1826 proles
1108 1733 1323 1825 pulcherrima

229 1851 348 1918 hello.»
377 1853 496 1920 censeo
525 1869 598 1920 cum
616 1849 766 1920 Benoisto
783 1848 981 1941 iungendum
999 1870 1093 1919 esse:
1113 1851 1177 1919 thot
1195 1850 1268 1917 hello
1280 1877 1321 1908 =

229 1963 261 2035 in
275 1965 408 2056 bellum.
424 1964 567 2055 Heynius
583 1965 747 2057 coniungit
761 1967 834 2034 hello
849 1967 1015 2052 insignem
1032 1965 1088 2035 sed
1102 1966 1184 2035 hanc
1198 1965 1321 2035 intelle-

229 2081 323 2172 gendi
350 2080 505 2152 rationem
534 2080 597 2150 iam
624 2068 789 2151 collocatio
817 2079 986 2151 verborum
1006 2080 1150 2171 respuit:
1172 2082 1323 2167 insignem

229 2196 374 2268 absolute
391 2205 439 2266 est
452 2197 606 2288 positum.
621 2196 670 2266 Nil
684 2217 759 2268 vero
775 2195 880 2267 obstat
892 2197 971 2287 quin
986 2196 1100 2288 iungas
1108 2198 1323 2285 pulcherrimo

229 2313 303 2382 hello
316 2344 359 2373 =
377 2311 461 2383 bello
486 2311 671 2383 lortissima.
701 2312 746 2381 cl.
773 2316 877 2402 Supra
893 2316 929 2381 V.
951 2317 1014 2381 lac
1043 2315 1171 2382 «satus
1186 2312 1323 2382 Hercule

229 2427 364 2518 pulchro
379 2429 512 2518 pulcher
526 2427 711 2498 Aventinus.
729 2451 747 2495 n
766 2426 825 2496 Ubi
836 2429 966 2517 potator
977 2426 1061 2497 idem
1074 2425 1156 2496 valet
1168 2446 1204 2496 ac
1215 2429 1320 2515 tortu.

228 2543 436 2614 Pulchritudo
449 2543 534 2614 enim
558 2543 664 2614 herois
678 2552 727 2614 est
740 2542 839 2614 robur
852 2542 1007 2633 corporis.
1187 2631 1188 2634 Ἴ
1226 2529 1232 2536 ’

273 2665 418 2734 Gremio:
444 2667 479 2733 h.
500 2667 557 2746 ΙΙΙ,
578 2668 641 2731 509
660 2684 678 2730 c
692 2661 850 2756 Sternitur
868 2668 994 2753 optatae
1011 2664 1125 2749 premio
1139 2660 1262 2731 telluris
1282 2661 1322 2731 ad

230 2778 398 2850 undam.»
422 2780 478 2867 (ε
502 2779 536 2848 in
559 2779 754 2871 gremium);
786 2777 898 2848 eadem
912 2777 998 2848 enim
1014 2777 1136 2848 ratione
1150 2781 1320 2868 qualerg.

230 2897 358 2988 scripsit
385 2896 534 2967 «sternit
551 2899 640 2966 humi
660 2920 690 2978 »‚
718 2893 856 2965 scrihere
883 2893 987 2984 potuit
1012 2895 1322 2982 «stunilorpremio

229 3022 380 3084 terrae.»

158 3137 165 3150 ’
273 3132 400 3198 Horae:
426 3154 441 3192 o
468 3133 540 3218 lpse
554 3127 673 3198 leraces
687 3126 763 3218 figat
779 3128 873 3196 hume
890 3126 1027 3216 plantas.
1043 3149 1061 3194 »

272 3249 393 3314 Ponto:
420 3247 456 3313 h.
476 3248 503 3327 Ι,
529 3248 570 3312 70
599 3265 619 3310 c
639 3245 699 3312 hut
715 3262 773 3332 age
793 3241 935 3312 diversas
955 3245 1014 3330 (sc.
1048 3243 1158 3330 naves)
1175 3249 1206 3312 et
1225 3240 1323 3312 disice

231 3377 366 3450 corpora
385 3371 525 3446 ponto.»
555 3361 592 3426 v.
614 3359 676 3425 433
705 3377 722 3421 «
746 3354 872 3425 Palmas
893 3368 988 3444 ponto
1013 3355 1148 3426 tendens
1169 3363 1324 3445 utrasque

230 3474 402 3545 Cloanthus
417 3498 435 3542 »
453 3476 508 3564 (=
522 3473 645 3564 palmas
671 3471 771 3542 altum
796 3491 884 3541 mare
910 3491 1022 3541 versus
1047 3470 1240 3563 porrigens).
1266 3475 1320 3553 ΙΙΙ,

232 3595 293 3660 lla
313 3614 331 3658 «
347 3595 448 3660 saxea
462 3590 528 3681 pila
541 3591 635 3672 cadit,
655 3587 780 3678 magnis
794 3607 890 3678 quam
908 3587 1048 3658 molibus
1068 3597 1141 3658 ante
1159 3595 1324 3660 construc-

156 3722 160 3728 ·
229 3714 294 3776 tam
305 3721 400 3795 ponto
417 3707 546 3777 iaciunt.
566 3729 583 3773 a

210 3844 212 3847 ’
272 3825 341 3892 Atto
357 3846 364 3892 :
381 3826 416 3892 h.
433 3827 459 3905 Ι,
477 3827 539 3892 lah
559 3823 661 3890 «Atto
672 3820 870 3911 prospiciens
884 3824 1061 3910 Neptunus.
1080 3841 1098 3887 »
1117 3819 1173 3907 l:
1187 3819 1220 3889 in
1235 3837 1323 3889 mare

200 4019 202 4024 ,
230 3937 340 4008 oculos
359 3937 525 4029 dirigens).
547 3937 677 4006 Dativus
695 3939 760 4005 olto
785 3934 903 4004 indicat
918 3954 1006 4005 mare
1025 3935 1157 4025 planum
1177 3943 1208 4004 et
1221 3933 1322 4006 latum

230 4053 262 4123 in
275 4052 362 4144 quod
378 4053 514 4142 Neptuni
525 4059 713 4142 prospectus
732 4049 890 4140 dirigitur,
916 4059 947 4120 et
972 4049 1148 4121 rectissime
1174 4056 1324 4140 aequata-

231 4188 292 4261 que
317 4169 477 4239 locutione
502 4167 702 4258 hadewigius
730 4165 909 4256 germanice
936 4165 1106 4236 transient:
1133 4168 1221 4234 nlns
1238 4169 1324 4235 hleor

207 4321 210 4330 .
230 4281 520 4351 hinausschauend.
537 4304 554 4348 a
575 4282 689 4350 Caesar
707 4298 779 4348 cum
803 4297 913 4368 praep.
941 4277 1053 4348 eodem
1071 4296 1169 4346 sensu
1187 4275 1267 4346 dixit
1285 4281 1321 4349 B.

231 4400 263 4466 C.
284 4401 325 4478 ΙΙ,
346 4401 366 4464 5
383 4397 598 4486 «prospicere
617 4394 650 4464 in
668 4391 794 4463 urbem.
813 4416 830 4459 »
857 4396 935 4462 llum
953 4397 1119 4483 Neptunus
1136 4412 1202 4463 non
1216 4393 1323 4483 ipsum
1354 4407 1358 4416 ’

230 4533 319 4584 mare
350 4512 518 4604 inspicere,
544 4511 600 4583 sed
625 4531 755 4582 causam
772 4509 969 4600 tempestatis
1000 4508 1191 4601 investigare
1216 4507 1321 4592 vellet,

232 4649 297 4701 non
309 4636 434 4719 poterat
448 4633 541 4724 Verg.
555 4626 769 4701 accusativum
782 4634 857 4717 post
869 4624 1002 4697 verbum
1012 4627 1322 4721 prospicereponere,
