3540 5612
893 675 1094 744 -tel-

441 863 567 928 tantum
590 856 726 928 adiciam
745 857 838 928 illum
859 857 1008 949 gerundii
1027 877 1126 928 usum
1145 857 1185 928 ad
1206 857 1336 928 ablativi
1356 858 1551 929 instrumen-

442 973 515 1044 talis
530 974 580 1044 vel
594 973 733 1044 causalis
747 993 821 1044 esse
835 973 1054 1044 relerendum.
1071 974 1164 1056 Qued
1177 975 1205 1044 si
1216 975 1316 1045 semel
1331 985 1416 1045 recte
1431 975 1552 1045 intelle-

443 1099 547 1182 getur,
564 1109 677 1161 emnes
696 1088 825 1181 Vergilii
846 1089 908 1160 leci
927 1089 1078 1160 lacillime
1096 1089 1367 1180 explanabuntur,
1386 1091 1419 1160 in
1438 1090 1553 1182 quibus

443 1204 522 1275 haec
541 1204 737 1276 constructio
754 1203 936 1275 adhibetur.

487 1320 554 1394 lltsi
571 1320 634 1391 huc
657 1341 722 1392 nen
751 1321 914 1413 pertinent
932 1321 994 1392 leei
1022 1321 1055 1390 in
1089 1321 1209 1412 quibus
1235 1322 1335 1392 active
1363 1323 1554 1414 gerundium

443 1435 610 1528 accipitur,
638 1436 671 1506 id
696 1445 757 1519 est,
779 1436 835 1507 ubi
855 1437 938 1508 actie
964 1436 1113 1528 gerundii
1141 1436 1182 1507 ab
1202 1437 1315 1508 eadem
1334 1459 1476 1528 persena
1495 1461 1556 1530 qua

445 1553 527 1623 actie
559 1552 734 1643 praedicati
762 1551 911 1635 efficitur,
934 1551 1007 1624 illes
1036 1561 1144 1622 tamen
1164 1573 1355 1625 enumerare
1379 1575 1445 1625 nen
1476 1575 1495 1624 a
1523 1575 1556 1626 re

393 1718 396 1724 ·
445 1667 587 1739 alienum
606 1665 744 1738 videtur.

489 1787 526 1854 6.
545 1788 588 1867 ΙΙ,
606 1788 648 1853 37
668 1787 904 1875 «Fractusque
923 1784 1009 1854 leres
1023 1785 1147 1855 mellite
1161 1787 1295 1855 colende.
1315 1809 1333 1853 «
1351 1791 1415 1856 uel
1430 1809 1448 1854 «
1465 1790 1559 1856 Ncm-

446 1921 510 1992 que
528 1900 590 1972 hee
608 1900 774 1970 imitamur
789 1904 925 1970 urende.
946 1924 963 1968 a
980 1906 1044 1970 663
1064 1924 1082 1968 «
1099 1900 1191 1971 lllam
1207 1901 1374 1992 experiere
1389 1906 1559 1972 colende.»

447 2019 548 2085 let«
573 2016 783 2106 Persequitur
804 2017 901 2086 vitem
923 2017 1096 2088 attendens
1115 2018 1272 2110 tingitque
1286 2023 1443 2110 petendo.
1465 2044 1483 2088 »
1503 2025 1559 2101 ΙΙΙ,

447 2137 489 2201 65
505 2153 523 2198 e
544 2135 645 2222 atque
662 2130 758 2200 aliam
778 2153 817 2202 err
834 2133 896 2201 alla
909 2135 1084 2220 pecerecde
1102 2132 1214 2204 suffice
1234 2135 1371 2224 prelem.
1390 2159 1408 2202 n
1425 2141 1481 2216 Ill,
1500 2142 1562 2206 363

448 2271 466 2314 «
489 2252 590 2338 Saepe
609 2247 706 2317 etiarn
718 2247 809 2318 duris
830 2251 966 2317 errando
982 2249 1015 2318 in
1029 2248 1156 2319 cetibus
1177 2250 1245 2319 ales
1270 2251 1437 2322 Attriuere.
1465 2257 1562 2321 »399

448 2368 596 2455 «Neque
614 2363 708 2434 illum
726 2367 846 2434 orendo
873 2365 993 2436 llectes.
1022 2389 1039 2433 »
1064 2370 1100 2435 E.
1133 2371 1173 2435 ΙΙ.
1203 2372 1238 2436 36
1265 2373 1426 2439 allecum
1447 2391 1514 2440 una
1532 2369 1563 2439 in

449 2479 539 2551 silvis
552 2479 720 2550 imitabere
733 2485 820 2552 Pana
834 2485 982 2551 cencede.
1005 2505 1022 2548 a
1039 2486 1075 2550 Α.
1099 2487 1124 2564 Ι,
1146 2487 1210 2552 763
1238 2485 1404 2574 «Expleri
1422 2493 1564 2556 mentem

449 2595 562 2686 nequit
580 2595 782 2687 ardescitque
797 2599 921 2666 tacende.
941 2620 958 2664 »
976 2601 1018 2679 ΙΙ,
1039 2602 1058 2665 6
1079 2620 1096 2664 e
1117 2597 1195 2680 Quis
1219 2599 1410 2686 taliasecde
1427 2609 1565 2670 -tem-

450 2718 574 2799 pereta
593 2709 733 2779 lacrimis
750 2713 756 2778 l
776 2733 794 2778 »
813 2713 923 2781 Funde
937 2748 976 2772 =
998 2732 1072 2784 cum
1092 2705 1168 2781 talia
1182 2713 1290 2782 relert.
1306 2713 1366 2782 Hic
1384 2733 1465 2784 usus
1484 2722 1566 2784 tenr-

450 2824 571 2913 peralis
597 2824 746 2917 gerundii
765 2826 908 2916 primum
927 2825 1014 2918 apud
1038 2826 1170 2917 Vergil,
1193 2827 1310 2897 deinde
1336 2827 1422 2917 apud
1449 2850 1567 2919 presae

442 2940 606 3025 ‘eratienis
628 2941 813 3031 scriptores
830 2942 954 3011 Livium
974 2942 1006 3010 in
1024 2940 1151 3032 primis,
1172 2942 1346 3012 invenitur.
1368 2947 1426 3012 366
1455 2945 1566 3025 «Quis

451 3056 587 3140 cladem,
609 3057 683 3148 quis
697 3056 812 3127 lunera
827 3061 926 3145 secde
941 3058 1113 3148 Explicet?
1134 3080 1152 3124 a
1165 3061 1223 3140 ΙΙΙ,
1244 3063 1307 3127 680
1328 3081 1346 3125 «
1366 3061 1477 3128 Funde
1494 3081 1566 3129 sur-

451 3180 563 3262 gentes
590 3171 742 3242 demerer
767 3175 914 3266 lustres.
949 3195 966 3239 »
997 3175 1054 3240 676
1085 3194 1103 3237 «
1128 3175 1191 3241 llec
1211 3173 1296 3262 petis
1319 3173 1429 3243 lenies
1448 3174 1566 3244 tluctus

451 3307 590 3378 aequare
605 3289 767 3374 sequendo.
786 3310 804 3354 a
824 3292 876 3369 IV,
899 3293 962 3356 663
993 3310 1010 3354 e
1032 3287 1101 3354 Tibi
1120 3287 1167 3356 las
1188 3288 1334 3357 animum
1353 3297 1478 3358 tentare
1493 3311 1566 3378 pre-

452 3405 563 3473 ceude.
582 3425 600 3469 a
629 3406 731 3472 333«
759 3406 846 3485 Quae
865 3403 1007 3494 plurima
1024 3404 1123 3491 sealde
1148 3407 1347 3474 Enumerare
1366 3404 1465 3474 vales,
1490 3429 1508 3472 a
1530 3410 1564 3486 V,

454 3521 517 3586 tte
536 3539 554 3584 e
575 3517 764 3606 Superande
786 3519 892 3589 emnis
910 3519 1040 3589 fortuna
1061 3521 1187 3606 serendo
1207 3527 1267 3588 est.
1287 3542 1304 3586 a
1326 3524 1378 3601 Vl,
1401 3524 1442 3587 80
1460 3541 1478 3586 «
1495 3519 1567 3587 Fiu-

453 3633 564 3726 gitque
578 3636 756 3722 premendo.
775 3657 792 3701 »
823 3639 887 3704 366
921 3659 938 3702 e
963 3636 1079 3706 Desine
1109 3636 1174 3705 fata
1199 3636 1297 3708 deum
1323 3637 1407 3706 llecti
1439 3656 1569 3726 sperare

415 3748 419 3756 '
450 3749 619 3838 prccecde.
641 3770 659 3815 a
690 3753 763 3817 660·
782 3771 800 3814 e
831 3747 877 3818 Ob
905 3749 1043 3839 patriam
1059 3752 1232 3838 pnqrteede
1261 3751 1394 3820 vulnera
1419 3751 1519 3841 passi.
1550 3772 1567 3816 a

455 3869 519 3933 666
545 3886 564 3930 «
590 3863 717 3954 Quique
742 3864 792 3934 sui
812 3885 973 3936 memores
993 3866 1119 3956 aliques
1148 3866 1252 3936 lecere
1278 3867 1475 3935 mercede.»
1505 3871 1568 3934 866

456 4003 474 4048 «
495 3985 584 4049 Unus
609 3979 665 4070 qui
683 3979 777 4050 nebis
796 3983 972 4049 ceecteede
989 3981 1128 4051 restituit
1150 4001 1231 4050 rem.
1254 3987 1340 4064 »1v,
1357 3987 1420 4050 676
1439 4004 1457 4049 e
1480 3982 1569 4052 Vires

456 4097 593 4188 acquirit
605 4099 715 4166 cende.
734 4121 752 4164 »
765 4102 849 4179 lllll,
864 4102 928 4167 666
943 4120 961 4164 e
977 4103 1147 4189 Nequeunt
1159 4098 1281 4189 expleri
1296 4098 1395 4169 cerda
1409 4100 1534 4167 tuende.
1551 4121 1568 4164 a

455 4218 509 4295 lll,
529 4218 591 4282 660
609 4215 634 4278 (6
652 4216 768 4283 Contra
786 4234 845 4304 ege
864 4215 992 4282 eieecde
1010 4213 1070 4282 rici
1085 4233 1158 4283 mea
1176 4213 1251 4282 lata.
1274 4217 1342 4282 »6.
1365 4218 1391 4294 Ι,
1416 4218 1479 4282 633
1497 4241 1511 4277 a
1531 4218 1570 4282 et

456 4329 561 4398 varias
579 4349 660 4398 usus
675 4331 852 4398 meditando
869 4329 1061 4399 extunderet
1074 4337 1171 4398 artes.
1202 4354 1217 4391 r>
1240 4332 1277 4395 G.
1295 4333 1337 4410 ll,
1354 4333 1417 4396 336
1438 4355 1453 4391 a
1473 4328 1571 4398 llulta

457 4445 562 4515 virum
586 4443 718 4514 vellens
733 4447 880 4514 durande
900 4444 1028 4514 saecula
1050 4443 1157 4514 vincit.
1180 4470 1195 4506 »

500 4563 591 4644 llune
607 4557 695 4629 leces
711 4559 873 4648 preleram
892 4559 924 4628 in
942 4557 1061 4650 quibus
1079 4557 1274 4648 gerundium
1292 4577 1351 4648 pre
1369 4556 1570 4639 substantive

458 4674 579 4744 verbali
592 4673 753 4746 abstracte
771 4675 957 4746 habendum
986 4684 1035 4744 est
1061 4681 1092 4744 et
1119 4673 1227 4744 lecum
1251 4674 1395 4766 integrae
1421 4672 1571 4764 preposi-

460 4789 670 4860 tienistenet.
1379 4799 1380 4803 ¹
