3540 5612
569 1455 883 1534 CONCLUSIO

223 2369 307 2438 Haec
333 2342 490 2446 habebam
509 2386 591 2459 quae
611 2368 656 2439 'de
684 2387 818 2442 casuum
844 2367 969 2460 syntaxi
997 2367 1084 2459 apud
1103 2371 1278 2466 Vergilium

180 2481 329 2553 dicerem.

223 2600 314 2682 Quod
338 2600 366 2670 si
388 2600 462 2691 quis
484 2621 552 2673 rem
570 2602 752 2695 perspicere
774 2610 806 2674 et
824 2622 862 2674 ea
879 2602 912 2674 in
931 2601 1122 2676 memoriam
1140 2602 1280 2677 breviter

180 2716 368 2794 contrahere
390 2716 538 2801 voluerit,
563 2736 645 2809 quae
667 2719 864 2802 enumeravi,
889 2717 922 2787 in
945 2717 1064 2810 quibus
1085 2720 1281 2812 Vergiliusa

181 2839 272 2901 sueta
287 2830 440 2922 loquendi
456 2833 578 2904 ratione
597 2842 629 2904 et
646 2833 897 2924 usudiserepat,
914 2842 946 2904 et
959 2833 1176 2925 omniaquae,
1194 2834 1279 2926 quod

180 2945 221 3015 ad
239 2965 349 3018 casum
369 2947 528 3038 syntaxim
545 2948 695 3039 pertinet,
715 2967 798 3022 nova
816 2947 849 3016 in
866 2946 999 3018 latinam
1014 2946 1158 3040 linguam
1176 2947 1280 3020 intro-

181 3062 285 3148 duxit,
304 3072 373 3134 tum
390 3073 422 3134 et
437 3083 476 3135 ea
487 3084 570 3155 quiae
581 3084 620 3136 ex
634 3083 747 3157 graeca
761 3063 885 3155 syntaxi
899 3064 932 3134 in
946 3063 1082 3136 latinum
1096 3084 1279 3136 sermonem

181 3178 266 3249 intro
284 3178 430 3250 ducenda
447 3178 594 3263 detraxit,
615 3179 643 3250 is
661 3179 767 3271 reipsa
785 3179 961 3270 conspiciet
978 3198 1060 3270 quae
1082 3178 1124 3250 sit
1142 3178 1280 3271 Vergilio

181 3295 215 3365 in
229 3296 328 3366 latina
344 3295 454 3390 lingua
467 3305 499 3368 et
511 3295 601 3388 poesi
615 3296 791 3369 evolvenda
803 3304 835 3367 et
845 3295 1036 3368 illustranda
1049 3294 1120 3368 laus
1133 3294 1281 3368 tribuen-

182 3413 235 3483 da.
265 3419 312 3486 Ex
333 3414 404 3486 eius
427 3414 513 3498 enim
528 3413 688 3506 operibns
710 3411 842 3505 quidam
863 3412 992 3504 linguae
1014 3413 1159 3503 poeticae
1181 3410 1290 3484 codex·

182 3527 252 3602 erui
268 3535 391 3619 posset,
406 3535 443 3597 ut
456 3526 672 3600 exciceronis
686 3526 777 3601 libris
792 3544 910 3618 prosae
923 3524 1078 3604 orationis
1090 3525 1178 3618 leges
1192 3523 1283 3596 eolli-

182 3661 257 3734 gere
286 3641 371 3712 licet.
394 3645 456 3714 Nec
479 3640 584 3713 solum
610 3640 696 3732 apud
723 3658 797 3714 eum
827 3660 866 3711 ea
896 3658 980 3732 quae
1002 3638 1218 3714 communiter
1240 3636 1281 3710 ad

181 3757 340 3847 poeticam
359 3757 598 3849 grammaticam
617 3756 790 3848 pertinent,
810 3755 867 3830 sed
886 3774 988 3827 norae
1010 3755 1109 3830 etiam
1127 3751 1282 3846 loquendi

182 3872 339 3950 formulae
352 3880 384 3942 et
393 3871 647 3946 constructiones
658 3879 842 3956 occurrunt,
857 3890 940 3962 quae
952 3869 1015 3962 ipsi
1025 3878 1104 3944 sunt
1117 3867 1280 3961 propriae,

183 4009 264 4082 quas
280 3988 406 4079 primus
424 3988 494 4080 ipse
513 3987 654 4061 admisit.
1161 3969 1164 3978 ⁴

226 4104 318 4187 Quod
337 4103 467 4195 quidem
489 4103 530 4174 ad
552 4122 620 4176 rem
636 4099 799 4188 nostram,
821 4122 955 4176 casuum
976 4101 1098 4174 scilicet
1121 4100 1281 4206 syntaxim

183 4220 333 4313 pertinet,
348 4219 473 4312 poetica
489 4219 708 4312 grammatica,
731 4229 768 4290 ut
789 4239 829 4290 ex
850 4227 962 4291 nostro
986 4237 1045 4310 per
1067 4215 1281 4309 vergilianam

183 4337 361 4428 orationem
379 4336 528 4408 discursu
541 4346 640 4429 patet,
661 4335 834 4428 agenerali
854 4343 886 4406 et
900 4331 1064 4408 communi
1080 4351 1197 4424 prosae
1210 4353 1282 4405 ora-

126 4458 128 4462 ’
183 4454 280 4526 tionis
297 4453 505 4546 grammatica
520 4461 672 4545 quattuor
684 4451 855 4545 praecipue
872 4451 971 4524 rebus
986 4450 1171 4541 discrepat:
1201 4475 1212 4492 ·

227 4602 263 4670 t⁰
282 4600 396 4672 Poetae
415 4595 502 4670 inid
519 4595 673 4689 propensi
688 4595 849 4681 ridentur,
868 4601 906 4668 ut
922 4591 1190 4688 praepositiones,
1205 4592 1300 4686 oui·-
