3490 5604
892 611 1084 688 ..rapu

440 797 499 868 ela.
521 820 540 866 n
562 799 699 870 Locativi
724 808 831 871 autem
862 798 973 871 tertiae
998 791 1218 872 declinationis
1245 808 1415 892 utramque
1440 797 1545 870 eliam

441 913 573 986 localem
603 914 790 987 relationem
810 915 974 987 indicant:
996 939 1014 984 «
1035 916 1131 987 drdet
1148 935 1229 1008 apex
1247 919 1356 1007 cupiti,
1377 915 1547 988 coniciunt

441 1032 560 1118 iperi.»

484 1149 574 1218 Nunc
592 1145 690 1239 igitur
714 1166 783 1218 rem
808 1147 885 1218 satis
905 1147 1058 1218 illustrari
1084 1168 1212 1229 censeo,
1232 1166 1337 1240 neque
1356 1147 1420 1218 iam
1439 1146 1547 1219 dubio

442 1262 548 1333 locum
568 1281 640 1333 esse
658 1262 736 1353 quin
759 1277 873 1334 omnes
890 1263 963 1334 illae
989 1263 1111 1335 formae
1138 1263 1204 1334 sire
1233 1262 1452 1354 genetivorum
1476 1263 1548 1332 sive

443 1377 622 1449 dativorum
649 1373 832 1450 consimiles
855 1381 889 1449 in
912 1399 961 1460 ue,
981 1401 1010 1462 o,
1035 1383 1048 1448 i
1074 1381 1260 1451 terminatae
1284 1380 1436 1451 locatirae
1461 1379 1546 1450 siut.

443 1493 551 1584 Neque
569 1493 674 1565 solum
694 1513 748 1565 ees
776 1513 848 1565 esse
866 1494 1015 1565 locativas
1034 1494 1154 1566 formas
1181 1496 1320 1587 quisque
1338 1495 1441 1566 libens
1460 1495 1548 1564 iate-

443 1609 542 1693 hitur,
563 1609 619 1680 sed
638 1629 678 1679 ex
701 1607 740 1679 iis
761 1629 843 1701 quae
862 1609 1020 1701 disputavi
1039 1610 1122 1680 clare
1140 1611 1343 1704 intellegetur
1360 1630 1424 1703 quo
1444 1609 1548 1682 modo

445 1725 616 1796 verborum
635 1724 739 1795 forme
753 1725 886 1796 omniuo
900 1744 973 1796 cum
994 1725 1224 1818 significatione
1238 1726 1419 1797 concordet.
1437 1728 1548 1817 dppa-

445 1849 494 1910 ret
510 1840 606 1912 etiam
624 1839 682 1911 has
699 1840 824 1912 locativi
841 1841 960 1912 formas
979 1861 1044 1912 non
1064 1841 1217 1934 singulari
1236 1842 1375 1934 quodam
1394 1851 1426 1912 et
1442 1839 1548 1912 auda-

446 1957 524 2028 ciori
551 1963 718 2047 poetarum
750 1956 882 2028 libidine
912 1966 944 2028 et
970 1958 1125 2049 loquendi
1147 1959 1324 2029 temeritate
1351 1958 1550 2049 excogitatas

447 2073 558 2154 luisse,
579 2072 636 2144 sed
666 2081 790 2142 tantum
814 2093 873 2163 per
898 2066 1071 2165 quamdam
1095 2074 1281 2168 religionem
1307 2093 1347 2144 en
1372 2071 1550 2164 antiquiori

449 2186 575 2278 linguae
598 2186 714 2257 latinae
737 2187 861 2278 syntaxi
880 2198 1021 2258 servatas
1038 2197 1071 2259 et
1089 2187 1129 2258 ad
1147 2187 1333 2260 recentioris
1351 2189 1463 2259 aetatis
1477 2207 1551 2258 ser-

448 2323 577 2374 monem
591 2323 610 2372 a
625 2303 728 2392 poetis
742 2304 996 2375 accommodatas
1010 2304 1124 2374 luisset

492 2421 582 2487 Nunc
600 2435 663 2508 qua
682 2417 722 2488 de
739 2436 836 2489 causa
864 2419 998 2511 pluralis
1023 2419 1119 2490 etiam
1149 2420 1287 2503 dativus,
1310 2419 1343 2488 in
1370 2440 1434 2511 quo
1458 2419 1552 2489 nulla

450 2533 513 2604 iam
532 2543 687 2625 apparent
703 2535 829 2606 locativi
843 2536 986 2628 vestigia,
1006 2536 1046 2606 ad
1064 2545 1171 2608 motus
1185 2536 1282 2608 finem
1301 2537 1550 2628 exprimendum

450 2650 650 2734 adhibeatur,
673 2649 764 2722 iacile
782 2651 921 2743 intellegi
939 2659 1055 2742 potest.
1072 2656 1247 2744 Postquam
1261 2654 1347 2750 enim
1361 2652 1447 2743 apud
1459 2652 1547 2724 Lati-

451 2783 510 2835 nos
529 2764 655 2835 locativi
673 2785 753 2836 usus
780 2775 812 2836 et
838 2767 994 2837 memoria
1011 2766 1154 2849 evanuit,
1175 2773 1272 2858 atque
1300 2767 1374 2858 ipsi,
1401 2767 1551 2858 speciosa

450 2879 622 2952 verborum
641 2875 849 2952 similitudine
867 2883 899 2951 in
924 2901 1064 2953 errorem
1082 2881 1214 2962 inducti,
1236 2881 1318 2952 hanc
1333 2883 1470 2954 formam
1490 2901 1550 2972 pro

452 2994 557 3066 dativo
580 2994 772 3079 habuerunt,
801 2997 958 3087 pluralem
981 2997 1076 3067 etiam
1104 2997 1319 3067 adhibuerunt
1345 2996 1489 3067 dativum
1509 2995 1551 3065 ad

452 3111 597 3182 eamdem
615 3113 802 3183 relationem
817 3113 1068 3204 significandam.
1085 3113 1163 3182 Inde
1178 3113 1263 3204 apud
1279 3113 1451 3204 Vergilium
1469 3112 1550 3204 legi-

452 3236 506 3297 tur
522 3251 530 3296 :
549 3231 584 3297 A.
610 3232 635 3311 1,
666 3234 728 3297 495
757 3229 871 3320 «Vina
896 3229 1001 3300 honus
1029 3250 1111 3320 quae
1140 3229 1255 3299 deinde
1284 3231 1372 3298 cotto
1402 3237 1553 3299 onerarat

453 3345 629 3413 Acestes.*>›
649 3345 704 3432 (z
727 3343 760 3412 in
793 3343 915 3432 cados).
947 3349 988 3426 ΙΙ,
1012 3335 1076 3414 276
1101 3368 1118 3412 »
1144 3344 1199 3415 Vel
1226 3349 1369 3414 Danaum
1395 3345 1552 3435 Phrygios

454 3453 610 3527 iaculatus
624 3460 781 3548 puppibus
800 3459 902 3550 ignes.
921 3481 938 3527 »
958 3459 1014 3547 (ε
1033 3458 1065 3528 in
1084 3461 1236 3550 puppes).
1252 3463 1309 3541 ΙΙΙ,
1327 3463 1389 3527 438
1410 3481 1427 3525 «
1443 3458 1552 3528 subito

456 3591 529 3640 cum
551 3569 659 3640 tabida
684 3574 878 3641 memoris-
898 3575 1125 3663 arboribusque
1157 3572 1226 3642 lues
1251 3572 1348 3642 venit.
1367 3595 1384 3639 »
1413 3576 1464 3656 IV,
1486 3575 1554 3642 art

458 3710 475 3753 «
495 3691 558 3758 Nos
586 3707 719 3757 munera
744 3689 861 3776 templts
888 3687 1069 3758 ferimus.»
1101 3692 1154 3769 IX,
1176 3691 1238 3756 675
1270 3707 1288 3754 «
1309 3687 1398 3757 Ultro
1417 3687 1554 3757 invitant

456 3802 613 3870 ommibus
641 3800 778 3871 hostem.
797 3823 814 3866 a
834 3801 888 3889 (=
903 3799 937 3869 in
965 3801 1118 3888 moenia).
1147 3805 1185 3883 X,
1208 3804 1271 3868 684
1292 3821 1310 3867 t<
1329 3799 1492 3868 Fluctibus
1509 3819 1553 3868 an

457 3914 571 3986 mediis
598 3934 632 3985 se
662 3914 801 3984 iaciat.»
833 3917 902 3996 xil,
936 3917 998 3982 tlt
1025 3935 1042 3980 c<
1057 3915 1166 4002 fusum
1185 3915 1281 3982 lucris
1309 3912 1553 4002 splendentibus

457 4048 585 4098 amnem
605 4027 749 4098 inlicit.»
770 4030 826 4116 (=
840 4028 872 4098 in
904 4026 1019 4116 labra).
1052 4031 1115 4096 eto
1140 4048 1158 4094 «
1178 4031 1314 4096 Ecurru
1330 4025 1447 4096 saltum
1466 4025 1555 4096 dedit

458 4144 547 4214 ocius
564 4146 662 4213 arou.
680 4165 698 4211 «
719 4145 772 4230 (τ-
789 4143 821 4212 in
838 4143 939 4230 arva).
974 4146 1026 4224 Vl,
1048 4146 1103 4210 t5t
1137 4164 1155 4209 «
1175 4144 1268 4210 Hunc
1290 4140 1373 4210 reler
1391 4142 1457 4210 sois
1472 4143 1554 4210 sedi-

323 4259 326 4265 '
458 4263 561 4329 oco.»
581 4264 616 4328 E.
633 4263 685 4341 Vl,
701 4264 741 4327 85
762 4262 911 4350 «Cogere
931 4276 1006 4328 oves
1020 4259 1165 4326 studetis.
1185 4279 1202 4323 »

500 4379 581 4445 Tum
610 4384 642 4446 et
668 4374 843 4466 congestim
861 4382 966 4444 cetera
989 4372 1117 4464 Vergilii
1133 4371 1279 4462 exempla
1293 4370 1418 4442 effero:
1451 4375 1487 4441 Ε.
1508 4373 1551 4454 Π,

458 4496 500 4561 30
530 4514 549 4559 «
565 4495 699 4584 Gregcm
722 4491 815 4562 viridi
835 4488 1027 4580 compellere
1046 4491 1171 4558 tribuco.
1204 4489 1249 4558 Gt.
1270 4491 1348 4580 Hpr.
1370 4487 1430 4557 0d.
1450 4491 1476 4570 Ι,
1496 4485 1552 4570 ul,

460 4611 502 4676 te
519 4627 538 4674 «
553 4609 655 4690 Quam
672 4607 731 4694 (sc.
748 4604 988 4698 imaginem)···-·-
1001 4604 1093 4696 nigro
1112 4604 1304 4697 compulerit
1319 4605 1416 4693 prepi.
1435 4625 1453 4672 >›
1473 4605 1556 4676 Sunt
