3528 5604
747 723 919 789 ...21-

190 955 195 962 .
279 901 383 992 poetis
397 909 430 972 et
448 889 688 992 quodammodo
707 919 837 971 carmen
857 899 1012 984 solutum,
1035 909 1068 971 et
1091 901 1295 973 scribiturad
1312 923 1388 974 nar-

278 1018 429 1100 randum,
450 1038 515 1089 non
535 1018 575 1088 ad
591 1017 813 1108 probandum;
834 1025 1005 1109 totumque
1022 1038 1105 1109 opus
1120 1039 1186 1090 non
1213 1019 1254 1099 ad
1276 1029 1386 1092 actum

279 1133 325 1205 rei
343 1152 552 1226 pugnamque
573 1141 790 1224 praesentem,
822 1133 879 1204 sed
903 1133 943 1204 ad
974 1137 1164 1205 memoriam
1188 1135 1389 1226 posteritatis

278 1258 310 1321 et
327 1249 449 1341 ingenii
476 1249 596 1320 famam
618 1249 848 1341 componitur;
868 1249 1007 1341 ideoque
1030 1259 1062 1321 et
1080 1250 1188 1323 verbis
1204 1253 1388 1325 remotiori-

277 1363 340 1438 bus
353 1373 386 1438 el
398 1364 606 1436 liberioribus
624 1364 738 1458 figuris
753 1365 906 1436 narrandi
919 1366 1062 1437 taedium
1076 1367 1185 1438 evitat.
1207 1391 1225 1436 »

321 1487 366 1553 Eo
380 1481 478 1573 igitur
489 1481 645 1552 maiorem
655 1481 719 1550 vim
734 1480 768 1551 in
782 1461 907 1551 Livium
919 1481 1100 1573 Vergiliana
1113 1482 1216 1555 oratio
1231 1485 1386 1568 exercuit,

278 1618 343 1689 quo
356 1597 459 1689 magis
474 1597 561 1666 illius
575 1597 741 1689 ingenium
755 1605 871 1667 natura
884 1596 925 1668 ad
936 1598 1078 1688 poeticas
1093 1619 1145 1669 res
1160 1599 1386 1670 inclinabatur.

277 1719 446 1787 Praeterea
463 1713 584 1784 elatum
603 1722 636 1784 et
652 1712 773 1805 grande
791 1734 887 1806 opus
911 1723 949 1784 ut
975 1715 1146 1807 Vergilius,
1168 1715 1230 1787 sibi
1249 1725 1389 1788 tractan-

276 1829 354 1900 dum
367 1837 592 1920 proposuerat.
604 1834 717 1919 Itaque
730 1829 801 1900 eius
811 1829 914 1902 oratio
928 1829 1052 1920 poetico
1061 1840 1093 1902 et
1106 1831 1289 1924 Vergiliano
1304 1852 1389 1923 quo-

276 1946 351 2019 dam
379 1944 486 2016 colore
516 1945 714 2018 sullunditur
728 1945 775 2014 υ).
813 1945 904 2016 Unde
934 1945 1033 2016 litut
1063 1947 1184 2019 multae
1214 1946 1389 2020 uerborum

274 2071 455 2134 structurae
482 2081 564 2152 quae
590 2070 761 2151 poetarum
793 2069 871 2131 sunt
892 2061 1043 2153 propriae
1070 2070 1102 2133 et
1131 2062 1309 2155 avergilio
1338 2063 1388 2136 vel

275 2176 417 2267 primum
426 2183 612 2266 usurpatae,
629 2172 716 2265 apud
730 2173 855 2245 Livium
872 2175 990 2245 iterum
1004 2185 1185 2247 occurrant.
1203 2176 1301 2249 Cuius
1314 2197 1389 2250 cum

276 2292 402 2363 dicendi
422 2313 524 2384 genus
540 2301 572 2364 et
583 2292 686 2363 oratio
705 2291 831 2382 poetico
851 2300 943 2362 motu
959 2301 991 2362 et
1017 2295 1159 2365 oratoria
1172 2303 1240 2366 arte
1263 2304 1389 2387 tempe·

276 2416 376 2491 retur,
397 2408 524 2479 medius
543 2408 636 2498 quasi
655 2407 804 2478 conciliat
818 2407 985 2478 classicam
1006 2409 1055 2478 vel
1088 2427 1220 2481 auream
1252 2419 1389 2482 aetatem

277 2533 308 2595 et
321 2524 558 2616 insequentem,
578 2543 662 2614 quae
675 2523 773 2594 etiam
790 2533 943 2615 argentea
961 2533 1105 2608 vocatur,
1127 2545 1306 2617 earumque
1323 2525 1388 2596 vir-

277 2647 362 2711 tutes
376 2640 409 2710 in
424 2640 516 2710 illum
529 2639 683 2731 utrinque
697 2639 904 2710 conveniunt.
1117 2619 1121 2628 ⁴

320 2759 390 2826 Non
409 2775 485 2826 vero
500 2755 557 2826 diu
570 2754 631 2826 llos
647 2754 701 2825 ille
715 2754 883 2837 orationis,
901 2753 998 2846 quem
1013 2755 1046 2824 in
1065 2755 1216 2848 Vergilio,
1238 2755 1390 2828 Cicerone

260 2870 430 2962 ¹Liuioque
456 2871 624 2953 miramur,
651 2870 840 2961 permansit.
862 2874 941 2942 llam
967 2871 1121 2942 continuo
1148 2872 1181 2942 in
1206 2872 1389 2964 insequenti

278 2995 381 3058 aetate
399 3008 438 3058 ex
465 2987 521 3058 illo
542 2987 715 3079 splendore
732 2987 850 3058 excidit
876 2987 965 3059 etad
984 2989 1226 3080 corruptionem
1248 2990 1391 3081 impulsa

278 3101 441 3173 dilabitur.
474 3101 602 3194 Optima
624 3102 757 3193 quidem
785 3101 891 3174 adhuc
916 3111 948 3172 et
970 3102 1094 3174 delecta
1117 3113 1167 3174 est
1194 3103 1308 3186 oratio,
1332 3104 1389 3176 sed

278 3217 378 3288 nimio
397 3218 467 3288 eius
485 3217 695 3308 expoliendae
720 3218 828 3290 studio
851 3218 1025 3310 scriptores
1048 3239 1119 3290 eam
1147 3219 1330 3291 deformant
1358 3229 1391 3292 et

279 3332 467 3423 depravant.
1054 3327 1055 3332 ’

321 3453 410 3518 Tunc
424 3447 573 3518 celeriter
585 3447 618 3516 in
637 3448 731 3539 peius
758 3447 823 3518 ruit
840 3456 873 3518 et
899 3448 939 3519 ab
958 3448 1092 3539 antiqua
1107 3449 1225 3520 virtute
1242 3449 1387 3532 desciuit,

278 3563 381 3636 donec
399 3565 494 3655 plane
522 3572 670 3634 emortua
684 3570 734 3633 est
753 3583 812 3634 nec
825 3563 890 3633 iam
909 3563 996 3654 apud
1009 3563 1168 3654 populum
1186 3563 1219 3634 in
1236 3585 1301 3652 usu
1315 3564 1386 3648 luit,

279 3679 337 3750 sed
349 3687 474 3749 tantum
492 3678 579 3770 apud
596 3678 708 3749 doctos
727 3678 814 3749 viros
831 3689 1030 3762 conservata,
1051 3699 1210 3750 novorum
1229 3687 1262 3750 ot
1284 3689 1389 3751 extra·

279 3815 415 3865 neorum
432 3794 632 3864 immixtione
656 3793 829 3864 verborum
854 3793 1044 3877 adulterata,
1070 3794 1211 3888 vulgaris
1229 3794 1388 3885 quaedam

279 3910 434 3982 dialectus
451 3910 563 3982 elleota
577 3918 637 3980 est.

322 4025 433 4096 Merito
448 4025 546 4117 igitur
559 4044 619 4096 nos
637 4024 796 4116 Vergilius
813 4023 1020 4114 potissimum
1038 4025 1079 4096 ad
1097 4045 1193 4096 suum
1210 4045 1294 4117 opus
1312 4045 1388 4117 per·

278 4143 480 4214 tractandum
494 4152 526 4213 et
543 4143 726 4213 minutatim
745 4141 1004 4233 investigandum
1022 4142 1142 4213 allexit.

322 4262 433 4327 Restat
459 4266 495 4327 ut
520 4276 635 4349 pauca,
662 4261 854 4348 priusquam
873 4255 914 4326 ad
940 4275 1074 4326 casuum
1094 4256 1273 4328 doctrinam
1300 4257 1390 4348 apud·

278 4373 453 4466 Vergilium
467 4383 608 4456 transeo,
625 4373 665 4443 de
683 4371 809 4464 poetica
826 4370 1009 4444 elocutione
1023 4371 1240 4462 praemittam.

304 4673 334 4727 (lt
344 4673 377 4719 cl.
386 4673 411 4719 0.
421 4673 527 4718 lirratus.
537 4672 629 4719 Etudes
638 4684 681 4720 sur
700 4671 823 4732 latangue
837 4676 860 4718 et
879 4671 904 4717 la
921 4667 1070 4732 grammaire
1088 4671 1119 4717 de
1141 4671 1277 4730 Tite-Ltoe,
1289 4677 1387 4734 paple,

277 4741 554 4802 notenpnpltmotct.
1246 4753 1249 4758 ·
