3528 5604
943 671 986 702 ·-·-
1008 641 1115 720 tl.-

477 839 596 892 nomen
627 819 795 912 proprium
818 819 1047 910 appellativum
1076 819 1222 910 sequitur
1252 819 1315 889 Cic.
1343 823 1424 908 Rep.
1440 820 1479 909 92
1508 823 1586 896 le:
1651 831 1680 882 a:

478 964 494 1004 r
521 942 710 1010 Demaratus
741 936 925 1008 Corinthius
955 936 1090 1008 contulit
1117 955 1151 1008 se
1173 936 1377 1026 Tarquinios,
1411 937 1446 1004 ic
1473 937 1590 1004 orden

477 1052 623 1122 Etruriae
642 1051 822 1122 florentem.
844 1076 858 1114 v

520 1167 656 1239 Nomina
669 1167 836 1258 regionum
855 1167 1057 1238 etmalorum
1070 1165 1250 1238 insularum
1263 1165 1297 1236 in
1315 1164 1493 1236 accusativo
1506 1183 1587 1234 enm
1691 1153 1694 1156 ’

476 1284 512 1353 ic
529 1290 774 1354 construuntur.
1381 1303 1387 1314 ·

520 1397 612 1490 lpud
624 1407 736 1490 poetas
751 1417 826 1469 vero
845 1398 923 1470 baec
938 1398 1008 1490 ipsa
1021 1398 1190 1490 regionum
1206 1396 1338 1470 uomina
1350 1396 1457 1468 locum
1471 1396 1586 1487 expri-

476 1514 597 1585 mentia
631 1533 695 1604 quo
728 1513 979 1605 perveniendum
1006 1523 1066 1596 est,
1099 1514 1132 1582 in
1160 1513 1340 1585 accusativo
1370 1513 1440 1584 sine
1465 1532 1582 1604 praep.

475 1636 653 1716 ponuntur.
674 1631 742 1698 Hoc
753 1626 913 1716 discrepat
931 1647 950 1696 a
968 1646 1066 1718 prosa
1080 1626 1206 1716 poetica
1222 1626 1336 1698 oratio.
1355 1625 1447 1716 lpud
1470 1626 1585 1717 Vergi-

475 1742 555 1813 lium
587 1741 776 1833 saepissime
803 1761 914 1833 praep.
941 1741 1110 1812 omittitur.
1137 1743 1235 1813 Cuius
1260 1741 1392 1832 quidem
1418 1741 1583 1812 liberioris

475 1857 629 1949 loquendi
653 1877 732 1930 usus
752 1858 833 1929 ratio
851 1858 942 1928 facile
961 1858 1174 1950 intellegetur,
1197 1859 1224 1928 si
1243 1857 1411 1949 paululum
1425 1877 1532 1928 veram
1547 1867 1583 1927 et

474 1974 660 2064 primariam
678 1974 847 2044 accusativi
881 1974 1045 2046 notionem
1068 1983 1100 2044 et
1129 1973 1405 2066 praepositionum
1430 1983 1581 2044 naturam

474 2090 696 2182 originemque
714 2089 992 2182 perpenderimus.

517 2206 775 2298 Praepositiones
787 2206 885 2288 euim,
902 2205 929 2275 si
943 2204 983 2274 ad
1000 2203 1145 2275 vocabuli
1165 2203 1430 2296 significationem
1444 2205 1581 2297 respici-

431 2355 434 2362 ·
474 2329 538 2404 tur,
563 2321 693 2412 pmprie
712 2331 788 2392 sunt
801 2321 899 2392 verba
916 2341 998 2412 quae
1018 2331 1091 2392 ante
1108 2340 1227 2393 nomen
1245 2330 1423 2412 ponuntur.
1449 2323 1499 2394 Sic
1522 2342 1580 2394 eas

473 2436 720 2507 Ruddimannus
734 2436 872 2508 definitl
890 2446 992 2528 parte,
1021 2458 1054 2527 p.
1072 2441 1134 2506 ll5
1153 2461 1160 2506 :
1179 2460 1197 2504 «
1215 2437 1412 2527 Praepositio
1437 2447 1580 2527 estpars

474 2551 628 2622 orationis
646 2551 842 2622 invariabilis
856 2552 953 2622 unius
968 2551 1158 2622 substantivi
1179 2552 1219 2622 ad
1236 2551 1373 2622 alterum
1389 2551 1579 2622 relationem

474 2665 670 2758 significans.
696 2690 714 2735 >›
738 2667 797 2737 dlii
820 2687 907 2750 vero,
936 2667 1071 2758 propius
1097 2666 1269 2757 primariae
1300 2667 1577 2757 praepositionum

474 2780 597 2851 notioni
616 2781 812 2864 accedentes,
832 2781 877 2850 ita
896 2781 1076 2851 definiunt:
1097 2803 1114 2848 v
1133 2786 1203 2851 Vox
1217 2780 1413 2852 invariabilis
1432 2781 1577 2872 quaevel

473 2897 675 2987 appositione
691 2898 740 2967 vel
763 2896 996 2987 compositione
1027 2896 1098 2966 aliis
1130 2896 1262 2967 vocibus
1290 2897 1511 2988 praeponitur,
1534 2897 1577 2966 ad

472 3026 593 3082 motem
609 3015 656 3084 oet
668 3016 807 3101 quietem
821 3010 1078 3104 significandum.

515 3133 576 3198 Per
589 3148 643 3198 eas
665 3128 752 3198 enim
774 3127 999 3218 exprimuntur
1020 3127 1165 3198 locorum
1184 3127 1399 3198 connexiones
1425 3136 1457 3197 et
1478 3126 1575 3218 vulgo

473 3237 631 3310 indicatur
646 3239 680 3308 in
696 3259 760 3330 qua
777 3237 861 3308 inter
881 3257 916 3308 se
942 3237 1096 3309 relatione
1123 3245 1208 3308 stent
1234 3257 1285 3308 res
1312 3237 1475 3329 physicae.
1493 3242 1577 3308 Sunt

472 3353 670 3445 grammatici
688 3353 744 3444 qui
768 3352 874 3423 dicant
897 3352 968 3423 illas
987 3362 1102 3424 natura
1125 3374 1184 3424 sua
1201 3373 1293 3422 coscs
1307 3375 1421 3442 repere,
1438 3374 1576 3446 mosque

471 3465 650 3554 praevaluit
679 3485 733 3536 aas
752 3465 922 3538 ordinandi
939 3474 1036 3556 prout
1049 3465 1135 3536 hune
1147 3466 1197 3536 vel
1216 3465 1307 3536 illum
1334 3486 1445 3536 casum
1463 3487 1574 3560 regere

471 3578 633 3650 dicuntur.
667 3584 830 3662 Quantum
861 3601 978 3652 avero
1014 3582 1091 3652 haec
1120 3581 1266 3652 doctrina
1293 3581 1466 3657 abhorreat
1482 3584 1574 3656 facile

472 3694 616 3787 dignosci
633 3704 750 3786 potest.
770 3697 849 3768 Nam
866 3696 899 3767 in
929 3697 1080 3767 omnibus
1103 3697 1222 3789 linguis
1241 3717 1324 3788 quae
1342 3697 1574 3770 casusbabent
1661 3729 1663 3734 v

471 3809 685 3884 etrerborvun
708 3810 874 3893 flexiones
890 3832 984 3882 casus
1006 3833 1064 3902 per
1083 3832 1117 3882 se
1137 3811 1243 3902 ipsum
1261 3811 1452 3883 relationem
1466 3814 1572 3903 expri-

471 3926 530 3996 mit
557 3946 640 4018 quae
665 3926 861 4018 praepositio
881 3926 1021 3996 indicare
1047 3934 1169 4017 posset.
1190 3930 1227 3995 In
1250 3925 1369 4018 linguis
1395 3947 1471 3998 vero
1486 3949 1572 4018 quae

470 4040 679 4113 multimodos
704 4039 823 4111 habent
851 4060 956 4124 casus,
985 4041 1104 4110 multae
1132 4038 1277 4110 locorum
1312 4040 1483 4112 relationes
1513 4061 1572 4131 per

470 4177 565 4228 casus
595 4157 672 4228 satis
704 4155 789 4226 clare
821 4157 1057 4247 exprimuntur,
1088 4157 1178 4228 nulla
1190 4156 1346 4248 particula
1374 4159 1568 4250 praeposita.

470 4273 660 4346 Sanscritica
681 4272 802 4364 lingua,
818 4293 849 4341 v.
866 4292 912 4364 g„
931 4281 1002 4348 octo
1021 4293 1114 4343 casus
1139 4272 1245 4355 babet,
1274 4293 1414 4363 quorum
1431 4295 1516 4345 unus
1539 4282 1572 4344 et

470 4389 550 4460 alter
563 4388 751 4460 relationem
769 4387 903 4460 localem
928 4386 1057 4459 indicat.
1078 4387 1123 4457 cl.
1142 4408 1225 4479 quae
1239 4387 1322 4457 inira
1336 4389 1376 4459 de
1390 4388 1524 4460 locativo
1536 4398 1571 4460 et

470 4504 575 4576 dativo
594 4504 777 4576 directionis
804 4503 1019 4574 disseruntur.
1045 4503 1090 4573 dl.
1112 4503 1208 4574 etiam
1234 4508 1337 4595 Bopp,
1358 4505 1571 4578 Grammatico

472 4620 675 4693 sanseriticae
686 4619 827 4712 linguae,
841 4622 860 4710 ἕ
873 4624 948 4703 ll8,
965 4639 1038 4711 sqq.
1057 4623 1172 4712 Egger,
1187 4621 1320 4693 Nellos
1330 4623 1366 4692 dc
1378 4623 1570 4715 qvcmmoire
