3528 5604
922 683 1092 751 ..08..

462 859 674 954 nmewigius,
689 861 806 954 quibus
820 872 852 934 et
866 864 1035 936 Benoistus
1046 863 1235 948 adsentitur,
1250 864 1329 935 haec
1341 864 1438 936 verbe
1454 884 1557 956 appo-

462 975 611 1048 sitionem
629 996 700 1049 esse
719 977 777 1050 toti
794 979 1004 1052 enuntiationi
1025 989 1167 1064 censent,
1194 980 1238 1049 ita
1255 987 1292 1051 ut
1310 983 1398 1050 triste
1416 982 1557 1050 ministe-

460 1093 548 1162 riom
570 1091 654 1163 idem
676 1092 718 1163 sit
741 1092 827 1183 quod
853 1095 971 1182 «qnod
994 1106 1037 1164 cst
1060 1097 1148 1164 triste
1173 1097 1252 1165 mio.
1273 1117 1292 1162 a
1317 1103 1412 1185 atque
1431 1093 1503 1164 ideo
1521 1094 1556 1162 in

461 1208 656 1279 nominativo
670 1215 884 1280 construatur.

502 1325 580 1394 Gen.
599 1327 657 1407 ΙΙΙ,
677 1328 712 1394 tt
738 1327 893 1396 «Interea
910 1323 1071 1416 Dryadum
1085 1324 1182 1395 silvas
1199 1324 1365 1417 saltusque
1380 1344 1557 1416 sequamur

458 1443 610 1523 intactos,
635 1452 703 1523 tec,
729 1445 904 1524 Maecenas,
927 1443 1015 1512 hond
1028 1443 1137 1511 nectite
1159 1443 1297 1511 iesse.»
1320 1444 1356 1511 d.
1382 1445 1466 1524 VIII,
1491 1444 1556 1510 487

459 1579 477 1622 «
498 1559 698 1647 componens
716 1556 929 1647 manibusque
948 1577 1063 1629 manus
1076 1566 1172 1648 atquc
1187 1557 1297 1628 exibns
1313 1577 1383 1640 ora,
1401 1558 1557 1626 Tormmri

457 1691 564 1760 qenes.
583 1694 601 1740 »
621 1675 709 1742 783:
733 1672 801 1752 Cui,
826 1671 901 1742 betti
928 1675 1048 1762 iosiync
1069 1675 1248 1762 superium,
1272 1677 1429 1763 Tempora
1450 1671 1556 1742 navali

457 1786 557 1878 fulget
585 1794 722 1859 rostrata
751 1807 915 1859 corona.»
947 1792 1000 1871 lx,
1031 1793 1073 1858 53
1100 1792 1174 1859 «Et
1200 1787 1340 1858 iaculum
1365 1796 1555 1879 attorquens

457 1902 574 1974 amittit
591 1903 624 1973 in
641 1923 747 1986 auras,
768 1905 967 1994 Principium
978 1923 1115 1993 mone.
1134 1925 1152 1972 a
1172 1907 1210 1986 Χ,
1228 1908 1292 1973 3t0
1308 1927 1326 1970 «
1345 1906 1467 1975 deneas
1485 1903 1554 1994 pri-

455 2039 530 2089 mus
548 2027 671 2090 turmas
689 2019 804 2090 invasit
821 2027 973 2111 agrestes,
1002 2022 1094 2089 Omen
1114 2039 1251 2109 quoquae,
1274 2018 1449 2109 stravitque
1468 2017 1553 2088 Lati-

456 2155 527 2205 nos.
551 2158 568 2203 a
590 2138 644 2218 XI,
665 2139 707 2205 62
726 2158 744 2202 «
760 2135 853 2206 Mittit
867 2134 956 2205 mille
972 2135 1072 2215 viros,
1087 2133 1142 2224 qui
1157 2152 1346 2224 supremum
1360 2133 1554 2206 comitentur

456 2249 612 2321 honorem
626 2289 664 2300 -—
681 2252 799 2321 solacia
816 2249 921 2321 luctus
945 2251 1076 2338 urique
1093 2249 1244 2342 ingentis.
1260 2272 1279 2317 n
1295 2253 1359 2320 384
1379 2247 1553 2320 «Proinde

454 2376 531 2433 tona
548 2361 688 2452 eloquio,
705 2365 832 2434 solitum
850 2365 917 2432 ridi.
936 2384 954 2430 »

498 2478 543 2548 Gi.
567 2482 664 2569 Prnp.
684 2481 741 2562 ΙΙΙ,
764 2484 817 2562 tt,
845 2484 858 2548 t
884 2482 1078 2566 «Meqnern
1101 2481 1173 2563 iter,
1199 2478 1240 2550 ad
1257 2479 1367 2551 doctas
1393 2477 1551 2569 proticisci

454 2613 551 2685 cogor
566 2593 717 2666 Athenas.
739 2617 758 2663 x

495 2714 534 2779 'In
550 2709 701 2781 omuibus
721 2709 772 2780 his
791 2730 872 2802 quos
892 2709 1076 2781 enumeravi
1092 2709 1222 2802 Vergilii
1240 2709 1332 2794 locis,
1348 2708 1445 2781 rerba
1463 2712 1550 2779 triste

452 2828 674 2911 ministerium,
694 2827 801 2896 mollia
820 2829 919 2909 iusso,
941 2828 1085 2895 tormenti
1106 2846 1201 2914 qenes
1225 2835 1285 2897 etc.
1315 2825 1549 2917 appositionem

453 2963 525 3014 esse
542 2943 747 3014 manifestum
772 2951 831 3014 est.
860 2941 922 3012 Sed
947 2961 1021 3012 cnm
1040 2939 1240 3012 substantiva
1253 2940 1374 3032 ubique
1388 2941 1452 3012 sint
1468 2960 1549 3010 neu·

453 3058 534 3128 trins
552 3058 690 3150 generis,
711 3078 776 3128 non
791 3057 928 3128 discerni
945 3065 1050 3148 potest
1067 3063 1177 3126 utrum
1195 3056 1228 3126 in
1248 3075 1313 3126 acc.
1334 3077 1375 3126 an
1396 3057 1429 3126 in
1443 3054 1548 3127 nomi-

453 3183 519 3244 nat.
535 3182 708 3266 ponantur.
730 3173 827 3244 Valde
841 3172 971 3265 quidem
991 3171 1070 3242 mitri
1087 3171 1191 3261 placet
1215 3171 1422 3264 Coningtonis
1448 3171 1549 3242 inter-

453 3287 600 3379 pretatio,
617 3309 699 3381 quae
712 3288 791 3358 mihi
809 3309 848 3360 ce
872 3288 974 3381 magis
991 3307 1063 3359 esse
1082 3307 1157 3358 vera
1173 3285 1309 3370 videtur,
1338 3287 1424 3378 quod
1437 3307 1549 3379 graeca

453 3404 579 3494 syntaxi
598 3405 815 3499 confirmatur.
848 3405 932 3475 Illud
957 3413 1081 3476 tantum
1107 3403 1268 3496 Euripidis
1296 3404 1406 3475 tritum
1435 3405 1547 3476 afferre

454 3517 590 3591 Sllffissiai
604 3523 658 3593 ΟΥ.
679 3526 762 3590 4105
778 3543 795 3589 (t
815 3517 907 3598 'xum
927 3539 1061 3614 κτάνωμεν,
1083 3535 1192 3610 Μενέλεῳ
1211 3535 1308 3596 inodo
1326 3537 1451 3612 πικράν.
1470 3543 1488 3588 t

448 3976 452 3985 ,
539 3889 541 3894 ’
624 3985 625 3988 Ν
684 3909 753 3999 §a
773 3947 814 3962 -
833 3913 1040 3980 decessurus
1057 3924 1307 3978 uxcntntrrcms.

492 4209 590 4285 Venio
603 4209 741 4304 denique
755 4211 794 4282 ad
812 4208 1027 4282 accusativum
1051 4207 1302 4291 exclamationis,
1325 4207 1365 4278 do
1381 4227 1446 4300 qno
1466 4204 1544 4276 nihil

449 4328 605 4421 Vergilius
617 4348 636 4398 a
647 4346 762 4419 prosae
774 4325 928 4398 orationis
941 4345 1005 4396 usu
1017 4324 1169 4396 deflectit:
1178 4322 1448 4394 Exclamationem
1459 4321 1553 4392 enim·

449 4439 508 4534 per
520 4442 765 4526 nominativum,
787 4441 966 4513 vocativum
984 4433 1033 4510 uel
1050 4438 1266 4510 accusativum
1285 4437 1447 4528 exprimit,
1464 4455 1548 4527 quae

448 4567 497 4629 est
515 4568 546 4629 et
559 4557 777 4649 prosariorum
798 4556 989 4648 scriptorum
1013 4554 1166 4646 syntaxis.
1185 4543 1187 4546 ’
1203 4552 1409 4624 Accusatirus
1437 4560 1554 4622 tamen

447 4673 545 4774 paulo
559 4674 755 4766 frequentior
772 4672 909 4745 videtur.
926 4674 964 4742 G.
983 4674 1025 4756 II,
1045 4673 1109 4742 tar
1127 4693 1145 4739 «
1165 4673 1190 4742 0
1207 4674 1388 4759 fortunatos
1406 4667 1545 4739 nimium
