3540 5612
658 553 851 648 -aaess

193 762 290 847 pectu
305 755 483 838 intuentur,
504 773 624 846 easque
636 754 812 835 ¹relationes
830 753 970 847 propriis
984 753 1179 847 quibusdam
1198 774 1294 827 cons-

195 872 408 944 tructionibus
425 873 621 964 exprimunt.
643 871 705 956 Sic,
726 893 757 943 v.
779 893 811 964 g.
831 871 968 944 libenter
986 892 1221 964 possessorem,
1244 873 1294 944 vel
1409 957 1416 977 x

196 989 350 1061 remotius
368 989 529 1061 obiectum
546 989 647 1093 verbi,
668 989 718 1060 vel
731 989 827 1060 etiam
842 990 949 1060 locum
966 989 1053 1062 unde
1066 989 1187 1082 aliquid
1205 1009 1294 1060 amo-

195 1113 298 1189 vetur,
313 1114 467 1196 tanquam
479 1105 614 1176 activam
628 1125 801 1196 personam
813 1105 875 1177 sibi
887 1105 1044 1199 effingunt
1056 1127 1139 1198 quae
1151 1106 1294 1178 subiecto

196 1222 334 1294 obicitur
346 1222 569 1312 artioremque
581 1222 671 1294 verbi
688 1222 738 1293 vel
753 1222 834 1294 inse
847 1223 960 1315 recipit
975 1224 1025 1295 vel
1039 1224 1143 1296 eidem
1162 1223 1292 1306 resistit,
1326 1205 1328 1210 ’

196 1338 283 1409 uude
300 1320 612 1430 intellegitur'quare
623 1337 715 1428 apud
732 1337 908 1430 Vergilium
921 1338 1047 1410 dativus
1061 1348 1127 1410 tam
1144 1338 1295 1429 frequens

198 1462 346 1525 occurrat
359 1453 399 1524 ad
414 1453 654 1546 possessionem
679 1455 729 1526 vel
744 1439 879 1526 localem
905 1453 1094 1527 relationem
1113 1455 1297 1554 exprimen-

197 1570 284 1654 dam,
305 1569 362 1641 ubi
382 1569 548 1662 genetivus
571 1569 621 1640 vel
639 1568 797 1640 ablativus
815 1570 849 1640 in
867 1589 965 1662 prosa
982 1571 1126 1644 oratione
1152 1568 1296 1642 adhiberi

198 1685 310 1757 soleat.
330 1684 376 1756 Gi.
392 1689 428 1756 Ε.
445 1689 497 1768 vt,
515 1689 589 1756 ld«
606 1687 803 1776 sertacapiri
817 1684 960 1776 delapsa.
977 1709 996 1755 v
1042 1743 1050 1757 ,
1092 1745 1094 1749 .
1162 1697 1165 1702 ’

242 1834 276 1899 4⁰
289 1830 452 1901 Permulta
466 1829 575 1912 verba,
596 1848 679 1920 quae
697 1836 812 1900 natura
824 1829 1025 1900 intransitiva
1043 1836 1130 1914 sunt,
1151 1849 1189 1901 ea
1203 1848 1296 1921 prae-

199 1945 291 2036 cipue
309 1962 392 2035 quae
413 1927 537 2015 motum
552 1942 619 2015 sive
633 1943 777 2035 corporis
791 1943 858 2015 sive
871 1943 970 2014 animi
985 1943 1165 2036 designant,
1181 1946 1297 2016 transi·
1318 1977 1320 1981 ·

199 2062 262 2133 tive
278 2067 438 2151 usurpant
458 2059 570 2151 eisque
587 2059 771 2151 proximum
799 2057 960 2131 obiectum
978 2059 1012 2130 in
1038 2059 1217 2131 accusativo
1243 2081 1298 2131 su-

199 2178 383 2270 biunguut:
404 2178 537 2247 «Arme
554 2195 665 2248 amens
683 2177 801 2264 fremit.
823 2180 954 2269 »Verg
980 2180 1017 2247 h.
1037 2180 1105 2261 Vll,
1134 2181 1210 2262 460,
1235 2186 1295 2249 eto.

201 2294 245 2364 Cl.
266 2294 306 2364 de
322 2291 501 2364 accusativo
515 2300 590 2383 post
606 2291 703 2363 verba
719 2291 931 2376 intransitiva,
951 2313 985 2384 p.
1006 2297 1060 2364 36.

244 2407 401 2500 Vergilius
425 2428 491 2479 non
515 2406 622 2479 solum
640 2407 680 2478 iis
698 2406 851 2499 loquendi
866 2408 1014 2492 licentiis,
1034 2428 1117 2501 quae
1135 2416 1211 2479 sunt
1228 2429 1299 2480 om-

201 2523 291 2592 nium
305 2530 485 2614 poetarum,
497 2523 544 2594 uti
557 2543 622 2595 nou
635 2523 802 2606 dubitavit,
816 2523 872 2594 sed
884 2533 916 2594 et
927 2523 1084 2615 quasdam
1098 2524 1196 2595 verba
1206 2544 1300 2595 cons·

201 2627 330 2709 truendi
343 2639 492 2710 audacias
505 2647 600 2710 antea
613 2659 678 2710 non
694 2639 828 2710 usitatas
844 2638 877 2709 iu
891 2639 1092 2712 Latinitatem
1108 2639 1297 2722 introduxit,

202 2775 340 2846 quarum
360 2774 537 2846 perpaucas
562 2755 693 2845 quidem
719 2774 799 2825 usus
817 2774 883 2826 uon
905 2754 1117 2840 confirmavit,
1143 2756 1300 2847 plurimas

202 2889 277 2942 vero
293 2878 407 2961 poetae
420 2871 659 2962 insequentium
674 2877 814 2942 aetatum
830 2877 926 2960 atque
940 2869 1002 2960 ipsi
1015 2889 1131 2961 prosae
1146 2858 1303 2942 orationis

203 2984 375 3076 scriptores
400 2983 515 3054 imitati
540 2991 617 3054 sunt
634 2992 742 3075 atque,
759 2992 797 3053 ut
821 2982 867 3054 ito
884 2982 1000 3067 dicam,
1020 2983 1145 3054 civitate
1160 2983 1300 3055 donave—
1415 3003 1419 3010 ·

204 3108 289 3170 runt.
310 3099 437 3170 Primus
451 3099 608 3182 onmium,
624 3120 655 3170 v.
671 3120 702 3191 g.
719 3098 877 3191 quaedam
890 3097 1091 3170 intransitiva
1102 3098 1200 3170 verba
1212 3107 1301 3169 tran-

204 3214 295 3286 sitive
308 3234 383 3286 curn
398 3234 504 3286 accus.
524 3215 727 3289 construxit:
748 3217 859 3284 ardere
876 3216 1023 3304 aliquem
1042 3217 1189 3286 bacchari
1209 3237 1301 3286 merr-

204 3343 275 3410 tem,
291 3333 423 3420 vigilare
439 3332 573 3420 aliquid,
589 3338 668 3414 eto.;
688 3330 813 3422 primus
827 3338 860 3402 et
876 3330 1034 3422 quasdam
1048 3327 1311 3404 constructiones

203 3445 375 3517 adhibuit:
390 3448 499 3517 holere
515 3449 657 3535 deibus,
674 3460 755 3526 tare,
774 3456 849 3531 etc,
870 3467 951 3538 quas
970 3445 1003 3517 in
1023 3466 1082 3519 suo
1096 3447 1166 3521 loco
1180 3449 1300 3520 notavi.

247 3565 316 3634 Non
335 3561 363 3632 is
381 3569 555 3633 esttamen
579 3581 675 3652 quem
690 3561 840 3632 novitatis
856 3568 977 3634 temere
996 3561 1179 3634 studiosum
1197 3563 1303 3635 dicere

183 3677 323 3770 »possis
342 3680 412 3748 Non
431 3676 517 3748 euim
531 3697 569 3748 ea
581 3683 690 3747 mente
708 3696 791 3747 nova
810 3675 843 3746 iu
861 3660 1005 3769 linguam
1023 3676 1155 3749 latinam
1181 3679 1300 3762 intulit,

205 3803 242 3864 ut
258 3793 423 3886 propriam
441 3792 583 3864 indolem
597 3800 629 3863 et
646 3791 711 3862 vim
730 3791 791 3862 sibi
809 3792 996 3876 vindicaret,
1015 3790 1216 3886 legentisquo
1233 3794 1302 3864 ani-

206 3930 296 3981 mum
323 3908 477 3981 orationis
505 3907 724 4000 singularitate
745 3915 777 3979 et
798 3908 1044 3980 constructionis
1062 3908 1195 3980 audacia
1211 3928 1304 4001 pers-

206 4025 379 4116 tringeret;
403 4041 516 4094 verum
539 4043 657 4114 magum
686 4021 906 4094 moderatione
927 4043 1021 4107 usus
1046 4021 1152 4094 nullas
1174 4022 1304 4094 admisit

207 4141 363 4212 novitates
381 4139 444 4210 nisi
466 4155 549 4230 quae
566 4136 813 4230 cogitationibus
831 4135 1049 4228 exprimendis
1068 4143 1177 4208 essent
1194 4154 1304 4207 neces-

207 4255 321 4327 sariae.
341 4254 434 4346 Apud
451 4273 526 4326 eum
543 4249 655 4326 relatio
679 4273 743 4344 qua
762 4252 827 4323 duo
846 4251 1002 4324 vocabula
1024 4252 1207 4336 cohaerent,
1232 4260 1305 4342 apte

208 4393 336 4465 semper
353 4393 432 4444 casu
458 4370 611 4443 definitur
635 4380 667 4442 et
689 4369 788 4441 menti
810 4368 946 4460 legentis
970 4367 1090 4440 illucet.
1115 4368 1152 4439 Id
1173 4366 1305 4459 quidem

207 4499 376 4580 poetarum
389 4494 451 4568 est,
471 4494 509 4556 ut
525 4485 571 4557 sio
590 4485 655 4556 duo
673 4484 828 4558 vocabula
846 4482 981 4575 iungant
997 4482 1082 4554 inter
1097 4502 1133 4554 se
1151 4482 1306 4555 solutiore

208 4611 334 4677 tanturn
347 4622 433 4676 nexu
455 4599 669 4683 cohaerentia,
693 4599 892 4692 legentisquo
913 4597 1042 4692 ingenie
1060 4593 1092 4672 id
1118 4599 1306 4691 relinquunt
