3528 5604
934 653 1105 726 „52-

469 1001 538 1089 §t
562 1036 601 1049 -
628 1001 837 1068 locuslrrrus
858 1012 1004 1076 oslacus,
1030 1011 1104 1063 rosr
1127 1011 1225 1064 vnum
1247 1009 1373 1063 mssrvl
1391 1009 1428 1060 nr
1445 1008 1581 1060 mmm-

750 1131 860 1195 simvl,
881 1128 1041 1182 mancum
1059 1128 1096 1179 nr
1115 1127 1296 1179 alericum.

515 1419 683 1491 Passivum
709 1417 797 1490 uerbi
827 1437 929 1510 genus
948 1417 981 1486 in
998 1415 1098 1486 latina
1113 1415 1224 1507 lingua
1238 1416 1390 1504 primitur
1409 1420 1477 1484 erat
1494 1411 1581 1482 reci-

472 1556 619 1629 procum,
646 1535 679 1606 id
704 1543 765 1618 est,
794 1534 951 1604 actionem
966 1531 1165 1624 significabat
1182 1531 1215 1600 in
1233 1529 1413 1601 subiectum
1429 1529 1582 1620 proxime

474 1650 639 1732 relleuam,
652 1656 684 1719 et
697 1666 828 1740 graecae
838 1646 967 1738 linguae
984 1644 1090 1715 medio
1103 1644 1213 1735 generi
1223 1642 1451 1734 respondebat.
1464 1643 1583 1733 Liquet

474 1766 560 1838 enim
583 1763 678 1836 nobis
696 1782 766 1836 rem
786 1761 970 1855 diligentius
991 1757 1265 1852 perpendentibus
1279 1768 1311 1829 et
1336 1752 1378 1829 ad
1400 1759 1581 1829 lormarum

474 1881 631 1974 originem
645 1877 875 1960 remeantibus,
888 1877 1026 1948 activum
1038 1875 1180 1968 primum
1194 1894 1295 1966 genus
1310 1873 1484 1944 formatum
1497 1872 1541 1941 lui
1547 1892 1581 1940 s-

475 2007 533 2081 se;
554 2006 624 2068 tum
641 1995 840 2077 rellexivum,
857 1993 897 2064 ad
917 1992 1051 2063 activam
1071 1991 1207 2062 sormam
1226 2011 1298 2060 omo
1317 1989 1485 2060 accedente
1501 2009 1581 2079 pro-

475 2111 605 2183 nomine
624 2110 774 2182 rellexivo
791 2131 844 2179 se:
864 2129 984 2179 omo-se
1002 2137 1044 2168 =
1058 2128 1160 2178 autor.
1181 2106 1343 2191 Relleniva
1360 2107 1459 2199 igitur
1476 2105 1583 2176 lorma

476 2227 565 2317 prior
578 2226 689 2297 allecta
707 2235 767 2310 est,
789 2246 828 2296 ex
849 2225 950 2296 activa
967 2233 999 2294 et
1025 2223 1216 2314 pronomine
1242 2231 1401 2293 concreta.
1423 2222 1581 2292 Paulatim

476 2343 643 2412 adrerum
659 2341 822 2432 passivum
841 2339 929 2410 verbi
946 2359 1048 2431 genus
1062 2360 1101 2410 ex
1116 2339 1265 2410 rellexivo
1281 2340 1452 2409 transitum
1465 2346 1525 2420 est,
1548 2338 1581 2406 id

477 2469 538 2545 est,
564 2461 597 2530 in
625 2480 696 2530 eam
723 2457 988 2530 consuetudinem
1014 2465 1171 2528 venerunt
1193 2456 1353 2540 homines,
1385 2467 1421 2526 ut
1439 2457 1581 2547 aliquam

477 2597 662 2671 personam,
683 2576 757 2648 licet
774 2578 869 2668 plane
890 2577 1027 2647 otiosam
1044 2575 1240 2665 alteriusque
1259 2575 1374 2646 actioni
1394 2576 1578 2658 obnoxiam,

479 2692 659 2765 subiectum
673 2703 780 2765 tamen
806 2691 894 2764 verbi
920 2711 1050 2762 manere
1077 2711 1174 2782 posse
1198 2690 1421 2762 concederent.
1442 2696 1530 2761 Tunc
1543 2711 1582 2760 ea

479 2808 539 2879 luit
563 2807 754 2892 differentia,
780 2829 844 2900 qua
869 2808 934 2880 duo
952 2806 1106 2888 subiecta,
1134 2805 1272 2898 logicum
1291 2815 1322 2876 et
1336 2805 1580 2897 grammaticum

478 2923 562 2994 inter
582 2944 617 2995 se
634 2923 828 3015 discrepant.
851 2929 939 2994 Tunc
953 2931 985 2994 et
1003 2921 1220 3014 grammaticis
1237 2921 1328 2992 licuit
1346 2921 1434 2991 illam
1453 2921 1580 2990 relleni-

480 3059 553 3110 vam
567 3039 715 3124 formam,
730 3060 795 3131 qua
806 3039 952 3110 transitio
967 3038 1007 3108 ab
1021 3038 1122 3108 activo
1135 3037 1168 3106 in
1180 3037 1345 3128 passivum
1358 3036 1428 3120 luit,
1442 3037 1579 3110 mediam

480 3162 513 3225 et
534 3153 761 3244 deponentem,
790 3173 975 3244 quanquam
995 3152 1157 3243 passivam
1174 3151 1339 3234 anteierat,
1360 3172 1485 3222 vocare.
1504 3157 1580 3221 Pas-

481 3269 587 3339 sirum
603 3269 701 3360 igitur
718 3287 820 3360 genus
834 3269 951 3339 rectius
969 3267 1259 3358 medio-passivum
1273 3266 1378 3336 vocari
1392 3267 1506 3357 possit.
1523 3268 1580 3338 llla

481 3383 613 3475 quidem
633 3384 725 3467 actio,
743 3404 825 3475 qnae
842 3406 861 3453 a
878 3383 1020 3454 subiecto
1035 3383 1177 3473 prolecta
1189 3383 1222 3452 in
1240 3381 1326 3452 idem
1343 3382 1527 3466 rellectitur,
1548 3384 1579 3453 in

482 3497 626 3569 subiecto
643 3498 783 3569 residere
801 3508 833 3569 et
850 3499 1015 3590 quiescere
1028 3508 1146 3588 potest,
1160 3518 1219 3568 nec
1232 3497 1369 3569 ulterius
1383 3500 1530 3581 transire,
1546 3509 1580 3569 ut

481 3627 642 3704 βααλαῡαμαα,
664 3633 716 3684 me
742 3614 899 3699 consolo;
924 3614 974 3684 rel
992 3613 1128 3684 ulterius
1142 3613 1293 3705 progredi
1313 3622 1409 3705 atque
1422 3614 1579 3686 obiectum

482 3727 630 3812 interius,
646 3729 753 3813 idest,
770 3730 811 3800 ad
826 3730 1005 3801 subiectum
1019 3729 1182 3820 pertinens
1195 3730 1245 3799 vel
1260 3750 1336 3800 cum
1354 3729 1425 3820 ipso
1441 3729 1579 3822 qualibet

483 3841 637 3913 relatione
655 3843 872 3927 coniunctum,
897 3845 930 3914 in
949 3844 1018 3914 eius
1036 3843 1156 3914 finibus
1184 3852 1381 3928 contentum,
1413 3847 1461 3917 vel
1487 3847 1578 3916 etiam

483 3953 523 4025 ab
537 3975 576 4026 eo
590 3964 763 4040 remotum,
783 3957 950 4050 attingere.

526 4071 657 4142 Passiva
671 4072 768 4164 igitur
780 4073 878 4143 latina
891 4071 999 4157 verba,
1017 4093 1098 4165 quae
1113 4094 1210 4144 suum
1227 4072 1387 4146 obiectum
1406 4075 1440 4145 in
1454 4094 1579 4146 accusa-

482 4185 548 4257 tivo
567 4187 698 4271 habent,
722 4207 852 4279 graecae
865 4187 993 4280 linguae
1011 4189 1117 4260 medio
1131 4190 1239 4281 generi
1258 4198 1334 4260 sunt
1351 4191 1479 4276 similia,
1501 4213 1578 4282 quae

482 4304 650 4375 transitiva
676 4305 773 4376 simul
799 4313 831 4376 et
858 4306 976 4376 rellexa
992 4304 1152 4376 obiectum
1180 4307 1213 4375 in
1236 4307 1415 4378 accusativo
1440 4309 1578 4399 positum

483 4417 613 4502 babent,
630 4441 661 4489 v.
678 4440 709 4510 g.
734 4433 921 4508 ἐγκαλύψασθαι
940 4437 984 4495 αα
994 4421 1107 4510 tepla,
1122 4420 1222 4489 celeri
1235 4433 1331 4510 copct
1341 4449 1383 4482 =
1398 4421 1459 4492 sibi
1475 4432 1575 4513 caput,

484 4534 534 4605 vel
561 4554 658 4605 suum
674 4544 770 4626 caput
784 4535 901 4606 velare.
921 4533 1161 4625 Deponentibus
1190 4535 1284 4606 etiam
1300 4537 1417 4609 similia
1431 4538 1493 4609 dici
1507 4559 1578 4630 pos-

485 4657 573 4734 sunt,
595 4668 769 4740 quaecum
788 4649 911 4722 obiecto
930 4649 963 4721 in
981 4649 1160 4724 accusativo
1183 4661 1436 4725 construuntur:
1457 4676 1579 4728 acerem
