3490 5604
562 733 566 748 1
656 641 704 712 1-
723 654 790 728 ¹reo
815 685 855 702 -

200 831 311 924 quitur
326 831 424 902 rerba
440 833 517 915 neci,
537 833 654 916 telluri,
665 833 777 914 lotam,
798 831 898 901 terrei
916 832 1048 919 (terrae)
1066 832 1161 900 coelet
1179 830 1296 920 (caelo)

200 947 311 1020 eadem
330 947 453 1019 ratione
472 946 623 1020 locatiros
646 967 730 1030 esse,
762 966 827 1039 qua
848 965 904 1018 eae
930 946 1053 1018 formae
1070 965 1152 1039 quae
1168 966 1296 1038 semper

198 1061 350 1133 omnibus
372 1063 525 1134 looatirae
543 1071 619 1134 sunt
637 1062 788 1134 habitae:
813 1064 913 1144 borni,
937 1062 1034 1142 domi,
1053 1063 1138 1144 rori,
1158 1065 1295 1132 Cartba-

197 1179 277 1265 piot,
296 1179 528 1249 Lacedaemoni.
901 1239 904 1242 .

241 1296 331 1363 lluno
349 1302 480 1385 apparet
497 1307 599 1365 terrm
617 1315 691 1366 oum
715 1293 785 1365 istis
806 1291 949 1364 locatiris
973 1291 1085 1364 formis
1104 1289 1291 1374 similitudo,

198 1427 281 1498 quae
299 1417 373 1479 sunt
385 1408 517 1480 nomina
529 1410 658 1482 urbium
676 1401 798 1501 p'rimae
811 1407 1031 1480 declinationis
1047 1426 1106 1500 per
1121 1428 1158 1478 aa
1174 1427 1293 1479 exeun-

198 1522 243 1592 tia
259 1533 292 1595 et
319 1525 425 1595 locum
454 1524 514 1595 ubi·
536 1525 719 1607 indicantia,
737 1529 861 1602 nomm,
880 1525 1072 1606 tatiocbt’oe,
1092 1525 1186 1594 Albae
1204 1531 1291 1605 etc.;

197 1659 280 1729 quae
305 1639 360 1710 diu
379 1660 437 1731 pro
455 1640 608 1733 genetiris
631 1640 738 1712 babitu
758 1649 845 1722 sunt,
872 1639 973 1712 donec
995 1621 1179 1732 linguarum
1203 1658 1293 1710 oom-

196 1753 362 1844 paratioue
379 1753 561 1847 diligentius
581 1753 727 1826 instituta
745 1753 873 1826 tandem
892 1753 1043 1826 locatiros
1058 1773 1129 1825 esse
1147 1772 1293 1844 comper·

197 1876 265 1941 tum
284 1869 354 1940 init.

239 1989 349 2057 Restat
365 1995 402 2058 ut
420 1988 531 2079 paucis
559 2007 717 2080 exponam
744 2009 808 2081 quo
828 1988 924 2062 modo
944 1988 1062 2060 lactum
1082 1987 1124 2059 sit
1142 1995 1179 2058 ut
1196 2007 1235 2057 ex
1253 1986 1293 2056 iis

195 2101 350 2186 locativis,
372 2101 425 2172 alii
445 2104 551 2175 locum
567 2125 640 2194 pao,
657 2104 710 2174 olii
728 2105 834 2176 locum
852 2107 907 2174 obi
925 2103 1076 2176 indicent.
1095 2108 1164 2175 Hoc
1181 2101 1293 2193 impri-

194 2217 258 2287 mis
271 2217 477 2289 statuendum
495 2218 632 2303 ridetur,
651 2219 685 2289 iu
704 2219 835 2311 antiqua
852 2223 1044 2291 Graecorum
1061 2227 1093 2290 et
1107 2218 1292 2290 Latinorum

194 2330 307 2423 lingua
323 2332 430 2403 locum
441 2336 502 2414 ,obl
520 2342 552 2404 et
570 2334 676 2405 locum
696 2355 756 2423 qao
772 2355 838 2404 una
851 2335 1027 2426 eademque
1045 2333 1213 2405 nominum
1229 2339 1292 2403 ter-

196 2445 369 2518 minatione
395 2466 584 2538 expressum
610 2449 721 2532 luisse,
744 2469 827 2541 quae
844 2448 974 2541 quidem
992 2448 1173 2519 terminatio
1191 2448 1204 2516 i
1219 2446 1290 2518 luit.

194 2564 284 2631 Hauc
301 2562 492 2633 sententiam
510 2564 751 2654 comprobatam
766 2555 896 2635 habebit
914 2563 969 2655 qui
987 2563 1083 2635 modo
1097 2562 1212 2634 latinas
1226 2563 1292 2634 lor·

194 2696 264 2746 mas
287 2677 394 2748 locum
411 2698 471 2766 ιιι
490 2678 730 2769 exprimentes:
756 2701 801 2760 eo,
825 2700 897 2768 pao,
919 2682 1014 2762 intro,
1039 2697 1216 2771 graecaque
1234 2678 1292 2749 ad·

195 2791 304 2862 verbio
318 2793 369 2864 his
386 2794 635 2878 consimilatur,
658 2808 725 2877 ὅποι,
748 2806 782 2878 οῖ,
804 2814 928 2867 necnon
944 2804 975 2866 et
988 2794 1086 2866 rerba
1101 2807 1180 2876 arta,
1193 2812 1289 2887 χαμαί,

196 2926 294 2990 ιιυιοι,
317 2931 438 3002 Μεγαροῖ,
466 2915 567 3003 Ἰσθμοῖ,
588 2932 670 3003 quae
689 2932 774 2983 nuno
790 2912 896 2984 locum
914 2911 981 2995 ubi,
1004 2932 1089 2982 nunc
1104 2912 1210 2982 locum
1227 2932 1291 3002 quo

197 3022 388 3115 significant,
403 3025 590 3098 intuebitur.
607 3027 698 3110 Quod
713 3028 809 3098 etiam
823 3027 925 3121 magis
938 3026 1106 3098 confirmat
1119 3026 1291 3119 singularis

194 3139 251 3209 illa
274 3141 482 3225 constructio,
505 3163 569 3233 qua
590 3147 749 3216 Homerus
768 3145 874 3216 locum
892 3164 952 3232 ooo
970 3163 1028 3235 per
1049 3159 1074 3214 a
1092 3163 1165 3215 oum
1184 3141 1291 3214 dativo

196 3256 297 3348 (quod
311 3267 417 3330 tamen
432 3259 472 3330 ad
484 3261 589 3332 locum
603 3261 658 3331 ubi
671 3262 821 3353 pertinet)
836 3261 996 3353 exprimit,
1010 3281 1083 3332 cum
1097 3281 1157 3332 nos
1170 3279 1204 3340 εις
1217 3280 1291 3332 oum

195 3392 260 3443 aee.
282 3383 517 3466 exspectemus.
552 3376 597 3446 Cf.
630 3377 667 3446 Il.
700 3381 811 3460 XXIII,
842 3381 904 3446 t32
934 3388 965 3447 aa
984 3377 1066 3448 aba„
1096 3391 1125 3448 ιι
1149 3387 1291 3469 δίφροισι

194 3503 353 3580 repeterat
373 3505 476 3581 ἡνίοχοί·
490 3527 528 3562 τε.
559 3492 674 3582 OdySS.
700 3497 757 3576 IX,
789 3497 852 3563 470
879 3509 944 3586 μῆλα
963 3493 1078 3564 πολλ’ἔν
1098 3508 1148 3570 νηΐ
1165 3506 1290 3584 βαλόντας

193 3617 422 3694 ἑπιπιιιιιμυριι
436 3617 510 3696 ceap.
525 3606 608 3688 Quin
618 3615 649 3677 et
664 3606 799 3698 simplex
813 3607 938 3678 dativus
952 3615 1026 3698 post
1038 3606 1135 3681 rerba
1145 3605 1289 3677 eiusdem

195 3716 436 3808 SIgnifioatiouIs
463 3741 528 3791 nou
553 3742 626 3793 raro
651 3721 837 3793 invenitur:
862 3745 921 3816 χει
940 3736 1033 3813 πεδίῳ
1052 3739 1122 3794 πέσε.
1144 3722 1235 3804 Quod
1259 3730 1291 3793 et

193 3831 297 3901 Latini
311 3833 424 3904 imitati
440 3844 537 3907 sunt:
567 3857 682 3929 nempe
699 3846 773 3929 post
789 3838 885 3909 rerba
899 3847 1022 3911 motum
1036 3837 1208 3909 indicantia
1222 3836 1286 3906 abl.
1381 3905 1386 3910 .

194 3966 254 4038 pro
273 3968 337 4019 eoo.
353 3959 501 4041 ponunt:
519 3957 610 4045 verg.
628 3958 663 4023 t.
680 3958 747 4036 vll,
763 3959 827 4024 276
843 3976 860 4022 e
876 3955 963 4025 lulva
978 3953 1113 4025 elIundit
1129 3956 1287 4022 torono.»

194 4066 287 4132 Lucr.
308 4067 335 4146 I,
356 4068 420 4134 250
439 4087 457 4132 ι
476 4069 540 4137 Itos
559 4086 671 4138 omnes
691 4066 824 4139 discidio
843 4068 978 4139 redeunt
996 4070 1030 4137 io
1048 4087 1173 4157 corporo
1187 4075 1288 4138 mato·

194 4196 304 4246 nar.»

238 4291 319 4363 Iliuo
332 4291 422 4363 facile
436 4293 631 4388 intellegitur
648 4317 713 4389 qua
725 4317 760 4368 re
777 4301 865 4368 tomi
888 4319 974 4370 nunc
997 4299 1103 4371 locum
1118 4300 1183 4381 obi,
1202 4318 1288 4369 nuno

194 4405 301 4476 locum
319 4429 379 4495 poc
396 4410 553 4500 exprimat
568 4435 577 4496 ;
596 4413 783 4504 posterioris
798 4433 914 4484 sensus
932 4414 1078 4506 exempla
1096 4434 1195 4505 supra
1211 4434 1287 4505 pro-

194 4521 312 4612 posui:
331 4525 437 4610 fundit
455 4528 556 4634 porat,
576 4541 709 4604 stermrc
727 4531 816 4598 tomi
834 4537 895 4608 etc,
919 4536 1031 4600 Terrae
1048 4529 1142 4601 etiam
1161 4537 1287 4600 utrum-

194 4658 259 4728 que
275 4637 446 4730 significat:
468 4662 486 4710 ι
502 4643 564 4715 Sed
579 4657 680 4714 torae
694 4645 773 4732 (non
786 4647 884 4734 terra)
899 4645 1045 4738 graviora
1057 4658 1188 4720 manent
1201 4646 1299 4740 pori-.
