3490 5604
883 587 1077 662 -442-

424 763 564 857 signum.
582 788 601 834 6
619 766 880 858 (Iungereetiam
900 787 1097 860 possumus:
1114 769 1241 855 sipulum
1256 766 1331 836 betto
1348 802 1383 826 =
1403 766 1532 860 signum

423 883 518 971 46446).
535 887 631 952 otae
648 882 710 965 Quoi
726 884 801 953 lello
818 883 912 955 exciti
935 903 1040 976 reges.
1071 907 1090 953 6
1119 887 1183 954 lca
1201 904 1220 950 4
1240 885 1388 974 Bellaque
1406 883 1533 955 animos

421 997 566 1070 accendit
583 1007 739 1090 agrestes.
760 1020 778 1066 6
795 1000 940 1088 Aliquem
952 1001 1120 1070 accendere
1133 1000 1189 1079 el,
1209 1000 1244 1067 io
1260 1000 1386 1087 eliquit
1397 1008 1447 1070 est
1461 999 1532 1070 usi-

421 1121 525 1186 tatum
539 1121 572 1185 64
584 1113 714 1198 tritum3
735 1113 793 1186 sed
810 1117 976 1186 6666444666
991 1117 1130 1204 aliquem
1145 1115 1246 1184 elicui
1263 1117 1310 1183 cei
1327 1123 1377 1185 est
1404 1113 1534 1185 insolita

424 1229 631 1313 constructio,
665 1249 748 1320 qnae
779 1230 865 1321 apud
896 1232 1108 1303 Claudianum
1139 1240 1216 1302 tunc
1242 1231 1385 1321 primurn
1415 1231 1534 1304 iterum

423 1344 572 1416 occurrit.
589 1345 760 1418 Insolitum
787 1355 837 1417 est
854 1346 951 1418 etiam
973 1351 1009 1418 l.
1029 1351 1056 1431 Ι,
1085 1352 1149 1418 eto
1168 1368 1187 1414 c
1206 1349 1417 1434 Scecciepcre
1433 1350 1535 1419 elicui

416 1462 529 1532 ‘cetzo
554 1483 573 1528 «
593 1460 644 1532 Illi
673 1464 859 1552 seprucdue
874 1466 1057 1551 eccicpernt.
1081 1485 1099 1531 6
1128 1463 1294 1550 tenueere
1312 1501 1346 1524 =
1361 1485 1393 1532 ee
1413 1484 1535 1554 664646

414 1575 563 1666 primunr
583 1575 669 1667 apud
682 1576 749 1647 Liv.
764 1576 798 1646 in
816 1597 914 1668 prosa
939 1577 1084 1649 oratione
1103 1576 1252 1647 occurrit.
1275 1568 1425 1648 Ceterum
1444 1577 1535 1668 apud

423 1690 574 1763 classicos
588 1691 762 1782 scriptores
776 1711 905 1783 semper
916 1712 990 1763 oum
1003 1694 1100 1775 64446
1112 1692 1326 1776 construitnr;
1342 1693 1404 1765 soli
1419 1703 1535 1784 poetae

360 1893 361 1898 Ἰ
414 1804 488 1878 eat.
510 1807 607 1878 etiam
632 1806 797 1879 adhibent.
821 1812 858 1877 Α.
892 1811 975 1892 44444,
1004 1812 1068 1877 666
1101 1831 1120 1876 «
1153 1812 1213 1878 Ter
1236 1813 1308 1878 Leto
1337 1807 1535 1879 sternendus

418 1930 501 1994 erat.
521 1945 539 1991 6
558 1922 604 1992 64.
625 1926 694 2007 Vll,
715 1927 779 1994 464
800 1946 819 1992 6
840 1927 990 1995 Sternere
1011 1925 1123 1994 Morti.
1146 1947 1164 1992 6
1190 1927 1244 2007 444,
1265 1927 1366 1994 taen
1385 1923 1535 1996 Volvitur

422 2037 580 2128 Euryalus
606 2043 690 2110 Leto.
721 2043 813 2123 6444,
838 2043 902 2110 649
931 2061 951 2106 «
988 2037 1121 2109 Camilla
1154 2060 1257 2110 unum
1291 2048 1420 2112 exserta
1447 2039 1536 2111 latus

418 2173 555 2243 pepone.
578 2177 597 2223 6

465 2269 511 2341 Gi.
533 2273 662 2342 4464644.
683 2272 723 2340 R.
744 2290 772 2342 6.
789 2273 833 2340 3:
864 2273 942 2340 «Et
969 2270 1015 2338 cei
1040 2276 1073 2339 et
1090 2271 1205 2342 circuti
1223 2280 1255 2342 et
1283 2273 1403 2361 plectae
1421 2272 1494 2343 erit.
1513 2295 1533 2340 6

422 2386 456 2456 C.
473 2388 515 2454 38
533 2407 551 2452 «
570 2384 684 2476 Virgas
711 2393 744 2456 et
759 2392 923 2456 sarmenta
948 2402 1031 2474 quae
1058 2385 1116 2453 tili
1146 2386 1252 2455 464466·
1279 2395 1475 2478 supererunt
1489 2427 1533 2436 -

416 2499 651 2573 *comburitur
677 2499 781 2572 Pleni.
797 2503 873 2573 tas.
890 2503 932 2582 ll,
961 2505 994 2584 5,
1023 2505 1105 2570 te«
1134 2501 1300 2592 Siquidem
1320 2511 1354 2573 tn
1381 2522 1417 2574 es
1441 2505 1536 2592 slepi

415 2619 528 2691 66666.
551 2641 570 2687 6
585 2623 657 2690 Ter.
675 2617 810 2709 Adelph.
824 2621 852 2701 1,
873 2623 907 2701 6,
926 2621 969 2688 al
985 2640 1003 2686 «
1018 2627 1054 2688 tu
1066 2639 1153 2689 nunc
1171 2621 1230 2688 tibi
1247 2619 1280 2690 id
1298 2619 1388 2690 laudi
1401 2619 1494 2691 ducis
1513 2644 1534 2690 6

422 2736 515 2802 Lucr.
550 2737 577 2815 4,
611 2735 687 2816 769,
723 2751 796 2823 sqq.
825 2755 843 2800 «
881 2731 1011 2802 inimica
1036 2732 1142 2802 modis
1175 2732 1288 2803 multis
1319 2743 1395 2804 sunt
1436 2743 1535 2826 atque

421 2868 532 2918 666666
545 2847 616 2938 ipsa
633 2849 691 2918 titi
704 2847 788 2919 inter
803 2867 849 2918 se.
865 2870 884 2915 6
903 2851 941 2931 V,
956 2852 1014 2918 644
1037 2871 1055 2916 «
1067 2853 1130 2920 Nec
1144 2858 1240 2940 caput
1254 2858 1303 2920 est
1315 2853 1404 2922 oneri
1417 2853 1532 2921 collo.»

421 2968 474 3048 444,
495 2967 553 3033 774
575 2963 723 3048 «multa,
739 2966 805 3034 cilo
821 2983 905 3054 quae
920 2971 1007 3034 sunt.
1027 2986 1045 3032 6

465 3079 596 3150 Delirus
612 3119 645 3140 ==
661 3083 707 3162 ic,
740 3081 783 3149 eet
801 3099 874 3150 curn
893 3099 958 3150 aco.
979 3079 1084 3150 744664.
1106 3083 1133 3163 Ι,
1155 3086 1188 3160 6,
1212 3085 1292 3152 ll«
1319 3083 1425 3172 Capiti
1451 3082 1530 3166 sint,

414 3216 547 3288 precer,
559 3195 618 3268 4446
630 3217 695 3266 ccco
712 3219 731 3265 6
749 3198 797 3287 (ε
810 3196 874 3267 ista
887 3197 1063 3268 exsecratio
1080 3196 1115 3266 in
1139 3205 1235 3288 caput
1252 3217 1362 3268 menen
1380 3196 1529 3288 recidat).

419 3317 518 3404 Prop.
533 3316 587 3397 444,
609 3319 641 3397 6,
663 3319 743 3384 20«
772 3318 829 3384 Est
838 3333 955 3402 peeooc
980 3331 1072 3384 servo
1096 3333 1248 3404 rennpere
1274 3322 1356 3385 teste
1383 3313 1531 3384 fidem.»

277 3515 280 3522 Ι
418 3434 491 3498 Dat.
505 3449 546 3498 an
559 3433 684 3520 genet?
697 3433 818 3500 Sensus
831 3429 962 3520 quidem
974 3428 1060 3500 idem
1073 3435 1306 3520 est:=-·Turpe
1317 3437 1368 3502 est
1379 3438 1412 3500 et
1424 3450 1532 3522 poene

419 3542 556 3634 dignum
571 3550 632 3612 etc.
646 3546 700 3625 IV,
718 3548 771 3626 46,
786 3547 827 3638 36
842 3565 860 3610 «
875 3543 1009 3633 Altaque
1023 3542 1129 3615 nativo
1141 3551 1284 3614 creverat
1302 3543 1403 3616 herba
1415 3559 1494 3615 tero.
1509 3568 1529 3613 6

413 3703 424 3726 t
464 3657 609 3730 Notantla
628 3658 800 3750 praecipue
832 3657 1112 3750 constructioque
1134 3659 1269 3730 verbum
1288 3681 1350 3730 esse
1378 3681 1452 3731 curn
1471 3659 1530 3729 da-

421 3773 487 3845 tivo
508 3771 677 3866 gerundivi
701 3771 861 3844 adfinem
891 3782 923 3845 et
952 3774 1156 3864 propositum
1184 3774 1432 3867 exprimendum
1448 3795 1528 3846 con-

419 3890 566 3982 iungitur
581 3893 621 3960 6.
644 3894 671 3974 4,
692 3895 751 3960 3«
778 3889 834 3981 qui
853 3890 958 3961 cultus
979 3893 1116 3960 46646646
1148 3890 1189 3962 644
1204 3894 1320 3981 pecori.
1343 3915 1362 3960 6
1383 3893 1420 3962 G.
1443 3895 1527 3975 Π,9

419 4031 442 4076 u
460 4007 620 4099 Principio
637 4009 803 4078 6446446466
817 4006 904 4076 varia
922 4015 972 4077 est
985 4015 1100 4076 natura
1117 4011 1273 4078 creandis.
1291 4031 1310 4075 6
1327 4012 1391 4078 477
1406 4031 1424 4076 u
1439 4011 1527 4090 Quae

420 4124 464 4196 sit
475 4127 567 4195 rebeus
582 4132 700 4195 natura
712 4125 857 4212 [6666446.
873 4146 892 4190 6
907 4127 971 4192 ato
987 4145 1005 4190 «
1021 4127 1077 4192 Est
1088 4122 1184 4192 etiarn
1199 4122 1253 4194 ille
1267 4123 1360 4195 labor
1373 4127 1526 4195 66466646

420 4243 537 4311 niune
557 4239 649 4310 alter.
671 4263 689 4308 6
707 4238 754 4309 Cf.
781 4243 874 4310 Luce.
895 4242 921 4320 4,
945 4241 1006 4306 cst
1028 4259 1046 4304 «
1066 4241 1129 4307 Nec
1148 4257 1245 4328 porro
1268 4242 1419 4326 eupeodis
1434 4243 1527 4310 celes

420 4355 526 4448 spatio
538 4354 621 4425 foret
633 4373 726 4425 usus.
745 4376 765 4421 6
778 4357 821 4437 44,
840 4358 903 4422 866
919 4374 937 4420 «
958 4351 1078 4423 Eadem
1094 4349 1212 4422 dehent
1224 4350 1401 4443 primordia
1416 4371 1525 4425 rerum

418 4473 487 4545 Non
509 4471 661 4543 adhibere
681 4490 778 4542 suurn
796 4472 965 4558 pincenatis
985 4473 1077 4540 cetus
1097 4468 1243 4541 odorem.
1263 4493 1281 4538 6

460 4592 542 4660 44646
550 4585 763 4679 gerundivum
775 4583 922 4657 absolute
935 4584 1079 4676 positum
1093 4588 1129 4656 4.
1146 4589 1215 4672 ΧΠ,
1230 4591 1271 4657 88
1285 4609 1303 4656 6
1318 4583 1421 4658 Simul
1434 4593 1522 4679 aptat
