3490 5604
695 693 736 712 ·-
761 657 825 730 135
848 693 890 710 -

285 841 435 930 Affipere:
453 843 490 912 A.
503 843 542 924 ll,
560 821 616 910 161
638 862 656 909 t
674 840 844 932 Pallasque
862 836 992 909 sinistro
1011 835 1126 908 affixus
1140 789 1279 909 icteris»

284 958 443 1026 Annuus:
464 958 500 1025 A.
521 960 577 1037 ΧΙ,
593 959 691 1026 7971
711 955 862 1027 Phoebus
882 962 1039 1110 sternere)
1055 963 1092 1025 ut
1111 938 1218 1026 sibita
1235 953 1346 1026 turba-

243 1078 310 1140 tam
327 1079 431 1141 morte
448 1069 612 1140 Camillam
629 1072 750 1141 Auuuit
772 1071 889 1139 otuuti.
914 1095 929 1134 ι

286 1199 442 1288 Appettere
458 1197 583 1288 primus
602 1197 759 1289 Vergilius
776 1216 850 1267 cum
880 1194 945 1267 dat.
964 1195 1144 1268 construit:
1178 1199 1214 1266 A.
1235 1200 1261 1280 Ι,
1283 1200 1346 1266 377

246 1335 265 1382 «
284 1313 410 1384 diversa
423 1333 481 1405 per
494 1333 634 1405 aequora
645 1321 753 1385 vectos
764 1321 939 1405 tempestas
957 1313 1083 1406 Libycis
1097 1317 1221 1405 appulit
1234 1316 1310 1384 otis.
1328 1338 1347 1384 ιι

246 1432 314 1514 ΙΙΙ,
343 1434 385 1500 39
404 1458 420 1496 «
442 1429 582 1501 Adversa
608 1430 744 1502 classem
774 1469 815 1482 -
844 1429 995 1502 Ausoniis
1030 1430 1189 1502 exercitus
1224 1433 1349 1522 appulit

246 1549 322 1616 otis.
343 1569 362 1615 ι

289 1662 479 1753 Appiieute:
499 1665 535 1731 A.
552 1666 579 1746 Ι,
601 1666 664 1732 616
684 1685 704 1730 «
731 1665 818 1744 Quae
836 1661 885 1732 vis
904 1661 1101 1732 immanibus
1119 1664 1259 1753 applicat
1286 1663 1346 1751 (sc.

178 1759 181 1766 ¹
247 1780 380 1866 teletis.
402 1801 421 1846 ιι
436 1781 475 1861 ll,
502 1782 600 1847 536«
628 1779 743 1874 Oronti
760 1777 874 1868 capulo
902 1786 997 1848 tenus
1015 1779 1156 1867 applicet
1187 1798 1311 1849 ensem.
1330 1801 1348 1846 ι

246 1895 374 1964 Otoutis
401 1893 572 1964 Benoistus
601 1913 675 1964 ctuu
693 1893 874 1984 ludewigio
901 1892 978 1963 edit.
1000 1896 1115 1964 Otuuti
1146 1915 1222 1965 vero
1247 1895 1350 1987 magis

246 2010 443 2102 Vergilianae
457 2009 593 2080 orationi
607 2019 876 2094 cousentaneum
893 2010 1076 2103 genetivum
1090 2011 1176 2081 enim
1190 2013 1350 2102 possessi-

247 2147 323 2196 vum
341 2126 374 2196 in
391 2125 509 2196 talibus
522 2124 797 2197 enuntiationibus
813 2130 921 2218 Verg„
941 2135 979 2196 ut
1001 2125 1153 2211 vidimus
1171 2125 1237 2198 lere
1265 2148 1350 2198 nnn-

247 2262 344 2332 quam
362 2240 503 2312 adhibet.
520 2240 664 2312 Ribbeck
676 2241 777 2312 edidit
793 2244 910 2311 menti.

290 2357 439 2447 Aspiture
455 2378 463 2427 ε
480 2358 516 2427 A.
533 2360 569 2439 V,
591 2358 655 2426 6117
674 2378 693 2423 (ι
712 2360 832 2427 ventos
850 2358 975 2446 ospitat
992 2359 1090 2428 eunti.
1112 2380 1132 2426 ι

291 2475 468 2543 Assuesuere
484 2494 491 2540 :
508 2473 544 2540 A.
561 2473 613 2554 Vl,
633 2475 697 2541 832
713 2493 731 2539 u
745 2474 790 2542 lle
809 2479 898 2542 tanta
911 2473 1028 2542 cuiuis
1039 2474 1204 2550 assuescite
1217 2473 1313 2546 bella.
1331 2499 1349 2546 ιι

250 2588 296 2660 61.
311 2593 389 2661 Ηοι.
404 2593 437 2658 S.
452 2591 494 2670 ΙΙ,
515 2593 548 2671 2,
582 2592 645 2658 109
665 2615 680 2652 «
704 2587 766 2669 Qui
786 2590 935 2677 pluribus
952 2591 1088 2660 assuerit
1104 2599 1254 2662 mentem
1279 2613 1351 2665 cor-

251 2725 377 2797 pusque
390 2702 580 2797 superbum.
601 2727 620 2772 ιι
640 2703 699 2792 (ol.
713 2702 797 2774 inira
808 2724 981 2774 assuescere
994 2726 1068 2776 cum
1082 2705 1148 2778 dat.
1165 2716 1198 2778 et
1211 2706 1352 2779 de‘able-

251 2822 315 2894 tivo
334 2820 540 2893 instrumenti
558 2840 631 2890 cum
649 2840 835 2901 assuescere,
852 2824 988 2910 suetus.)

293 2940 445 3008 Admisere
459 2961 469 3007 :
484 2938 522 3006 A.
537 2939 576 3020 ll,
591 2940 654 3005 655
670 2958 688 3004 (ι
705 2939 773 3006 Rex
787 2936 926 3008 Clusinis
940 2940 1086 3010 udoectus
1098 2939 1228 3011 Osinius
1240 2942 1316 3012 oris.
1333 2965 1352 3010 ιι

297 3079 480 3171 Composita
492 3098 566 3149 cum
584 3099 678 3150 cum:

297 3225 516 3294 committere:
544 3224 581 3290 A.
595 3224 665 3305 llll,
684 3225 727 3290 611
741 3242 760 3288 u
775 3219 899 3291 Desiste
916 3240 1050 3292 manum
1068 3224 1255 3295 conmittere
1276 3228 1354 3294 Teu-

254 3341 328 3408 etis.
344 3362 364 3408 ι

299 3459 484 3548 Gompouerc
500 3476 508 3524 :
524 3457 560 3524 E.
581 3457 608 3538 l,
632 3455 675 3524 23
696 3474 715 3520 u
734 3451 786 3522 Sic
800 3454 911 3542 paruis
934 3473 1113 3544 componere
1142 3457 1355 3552 magnasole-

254 3571 341 3643 bam.
364 3596 382 3641 ιι
402 3575 439 3642 ti.
458 3575 512 3654 Ill,
530 3572 592 3640 176
610 3591 628 3638 t
644 3569 677 3638 Si
696 3589 794 3660 parva
806 3568 880 3639 licet
897 3589 1073 3658 componete
1089 3575 1225 3661 mappis.
1247 3596 1267 3642 ιι

298 3689 511 3774 Gouiuupete:
540 3688 576 3752 lt.
597 3687 679 3765 Vlll,
707 3686 748 3752 :ta
781 3709 797 3746 «
824 3684 848 3750 0
872 3681 969 3774 digno
986 3685 1152 3754 coniuncto
1166 3687 1247 3756 cito.
1272 3711 1288 3750 ι
1316 3688 1352 3754 A.

255 3803 339 3887 tut,
360 3802 422 3872 130
443 3823 462 3868 «
489 3798 625 3891 geminis
653 3800 837 3868 eouiuuctus
853 3798 985 3867 Attidis.
1004 3821 1023 3867 ι
1051 3797 1096 3868 Cl.
1117 3803 1260 3889 11,,618,
1281 3820 1355 3871 cum

257 3919 321 3990 abl.
348 3915 458 3988 «retis
470 3915 546 3987 celsi
564 3917 732 3985 eouiuuotu
750 3915 903 4004 crepidine
915 3913 995 3985 saxi.
1011 3936 1030 3983 ιι

300 4072 404 4144 Verba
433 4071 581 4142 mittum
600 4069 778 4162 composita
804 4089 877 4140 cum
897 4069 1010 4140 iterata
1038 4089 1165 4163 praep,
1194 4091 1268 4143 raro
1281 4090 1355 4142 com

258 4183 363 4259 dativo
376 4193 617 4258 construuntur.
633 4183 739 4256 Cicero
759 4192 867 4255 tamen
880 4183 951 4275 ipse
961 4184 1044 4256 banc
1062 4184 1159 4262 dativi
1174 4185 1356 4259 breviorem

258 4302 528 4375 constructionem
542 4300 690 4384 admittit,
712 4321 742 4370 v.
759 4320 790 4392 g.
817 4302 903 4370 Orat.
939 4305 992 4385 lli,
1022 4305 1062 4374 li
1085 4330 1100 4368 «
1124 4302 1356 4394 parvauupuis

259 4438 355 4511 saepe
379 4417 556 4489 rectissimo
582 4421 800 4505 couseruutur.
822 4438 840 4484 ιι
863 4419 929 4488 Cat.
958 4417 1034 4488 mai.
1061 4422 1099 4502 V,
1128 4423 1168 4488 11
1195 4441 1214 4486 κ
1233 4415 1357 4488 Ennius

259 4534 334 4626 equi
350 4532 441 4605 lontis
470 4541 503 4605 et
516 4532 645 4605 victoris
662 4535 810 4602 senectuti
826 4545 990 4622 coiupurut
1008 4553 1112 4606 suam.
1134 4556 1154 4602 ι
1173 4537 1261 4604 Fam.
1289 4535 1355 4616 llll,

260 4653 314 4734 tt,
336 4647 377 4722 12
393 4671 411 4718 s
426 4651 484 4720 tiit
498 4668 553 4722 me
580 4645 686 4720 studia
701 4646 896 4733 communia,
922 4645 1077 4725 beneficia
1090 4657 1225 4741 patema
1237 4656 1357 4740 tuaque
