3540 5612
930 645 971 660 -
995 609 1060 680 171
1083 645 1134 678 -.

516 789 873 885 tergittnsatiquando
899 789 1038 864 ablativo
1063 789 1270 861 instrumenti
1306 788 1591 880 praepositionem·

472 905 572 990 addit,
591 905 679 1002 qnod
695 905 826 998 quidem
845 906 983 978 orationi
1006 905 1180 998 quamdam
1198 905 1419 998 neglegentiae
1441 905 1585 996 speciem

472 1022 577 1096 induit
589 1031 621 1094 ct
642 1022 804 1095 novitatis.
826 1026 947 1094 Sensus
962 1023 1058 1094 etiam
1072 1020 1205 1115 paulurn
1220 1022 1425 1105 immutatum
1444 1040 1587 1113 praepo-

472 1140 545 1212 sitio
555 1139 641 1210 enim
652 1138 828 1211 sententiae
837 1139 1002 1212 relationis
1013 1139 1180 1212 notionem
1190 1137 1279 1210 abdit
1291 1157 1389 1230 quum
1400 1138 1586 1229 exprimere

473 1255 566 1327 solet.
1317 1315 1319 1320 .

515 1371 619 1442 Cum:
645 1374 681 1441 l.
705 1374 747 1454 ΙΙ,
772 1374 835 1440 727
860 1394 879 1439 τ
904 1373 1027 1442 0rnum
1049 1390 1122 1441 ωιτη
1142 1374 1228 1458 [ωτι
1246 1371 1385 1440 moisem
1405 1371 1586 1457 crebrisque

472 1489 653 1578 bipennibus
669 1487 790 1559 instant
806 1491 927 1558 Eruere
945 1488 1117 1579 agricolae.
1129 1511 1152 1556 η
1168 1491 1220 1570 Vl,
1242 1489 1305 1556 359
1325 1509 1343 1554 ι
1362 1487 1497 1556 Modicia
1509 1505 1587 1555 eum

471 1615 550 1674 veste
566 1611 746 1696 gravatum.
766 1624 784 1672 τι
803 1602 863 1674 llic
879 1622 956 1674 vero
970 1603 1068 1675 ablat.
1085 1579 1292 1673 instrumenti
1306 1601 1347 1672 ad
1361 1600 1427 1671 abl.
1448 1600 1586 1678 comita-

472 1729 526 1790 tus
544 1728 577 1790 et
594 1718 808 1791 adiunctionis
826 1718 938 1790 referri
956 1727 1075 1811 potest.
1096 1723 1186 1790 Hanc
1204 1717 1319 1808 Heynii
1339 1716 1586 1788 adnotationem

472 1831 805 1924 Forbigemslaudat:
821 1835 934 1903 «Cum
946 1847 1040 1904 ceste:
1062 1843 1118 1906 aut
1135 1842 1173 1905 ut
1186 1853 1224 1905 ea
1237 1841 1270 1904 et
1286 1833 1357 1925 ipsa
1368 1833 1467 1903 undis
1481 1832 1585 1902 haus-

472 1945 514 2017 tis
537 1954 735 2038 gravaretur,
760 1955 816 2017 eut
836 1954 874 2017 ut
899 1967 971 2016 ωιτη
994 1946 1148 2031 abundet,
1176 1955 1214 2019 ut
1238 1947 1400 2020 interdum
1424 1947 1458 2017 in
1477 1945 1586 2038 poetis

472 2063 567 2134 solet.
589 2086 607 2132 η
628 2062 691 2134 Sed
709 2067 746 2133 Α.
766 2067 808 2145 11,
829 2065 894 2132 727
914 2067 995 2134 Cum
1010 2068 1096 2153 [erro
1115 2065 1368 2135 instrumentum
1388 2072 1476 2134 certo
1494 2062 1586 2134 desi-

471 2186 559 2270 gnat,
580 2197 639 2249 neo
651 2177 685 2248 iu
699 2177 794 2248 aliam
807 2177 936 2248 ablativi
949 2178 1217 2270 significationem
1234 2178 1324 2250 abire
1335 2188 1454 2270 potest.
1471 2182 1587 2269 Neque

471 2293 567 2363 aliam
579 2293 649 2364 eius
662 2292 911 2384 praepositionis
925 2314 1006 2364 usus
1016 2294 1176 2366 rationem
1192 2295 1307 2366 allerre
1319 2314 1510 2385 possumus,
1520 2293 1586 2364 nisi

472 2408 559 2499 quod
576 2416 709 2493 annotat
721 2408 890 2498 thynius:
911 2429 984 2480 ωιτη
998 2410 1129 2494 scilicet,
1146 2409 1231 2482 utin
1246 2411 1350 2501 poetis
1366 2410 1461 2493 solet,
1478 2409 1585 2479 abun·

472 2521 549 2593 dare
572 2522 710 2594 videtur.
725 2526 873 2594 Cetemm
891 2523 1037 2596 eiusdem
1060 2524 1309 2618 praepositionis
1335 2544 1394 2615 per
1411 2523 1585 2594 abundan-

472 2637 549 2708 tiam
571 2659 652 2711 usus
674 2639 761 2732 apud
785 2643 923 2713 Graecos
946 2641 1119 2712 inuenitur.
1142 2640 1187 2712 Cl.
1211 2640 1311 2731 Sopb.
1333 2641 1412 2712 Oed.
1435 2643 1515 2723 Rex,
1541 2645 1584 2709 17

381 2839 387 2850 ,
472 2766 532 2826 ortt
552 2773 606 2856 eet
625 2771 703 2847 pepp
723 2770 811 2847 papiu
831 2771 907 2849 epu.
927 2756 1044 2827 Eadem
1059 2755 1206 2828 ubertate
1222 2756 1360 2839 dicendi,
1382 2758 1418 2824 l.
1441 2757 1496 2836 lv,
1517 2758 1585 2822 588

338 2943 340 2948 ,
472 2892 492 2939 τ
511 2874 635 2941 vacuos
653 2870 720 2938 sice
738 2869 858 2961 remige
876 2879 990 2960 portus
1012 2894 1030 2940 »
1049 2890 1161 2962 praep.
1183 2873 1249 2940 sinc
1267 2869 1401 2958 omnino
1424 2867 1582 2951 abundat,

471 3005 546 3056 cum
563 2983 754 3056 adieetivum
771 3004 892 3056 eccum
910 2985 974 3056 abl.
991 2985 1118 3077 inopiae
1138 2987 1208 3056 sine
1220 3006 1332 3077 praep.
1351 2993 1451 3077 regat.
1467 2989 1585 3054 Erem-

471 3097 562 3188 plum
576 3097 721 3169 eiusdem
738 3098 986 3170 constructionis
1004 3099 1137 3189 praebet
1153 3100 1261 3170 Cicero
1279 3119 1339 3190 pro
1358 3102 1445 3169 Sext.
1462 3102 1517 3181 38,
1539 3103 1584 3167 82

473 3212 685 3284 «Paenulam
709 3212 856 3303 erripuit,
880 3233 953 3282 ωιτη
975 3233 1040 3302 qua
1061 3212 1205 3303 primum
1226 3217 1363 3284 Romam
1387 3213 1428 3282 ad
1452 3210 1586 3283 comitia

472 3334 613 3396 venerat.
636 3330 752 3398 »Cum
769 3347 835 3416 que
853 3357 894 3388 =
914 3347 978 3418 qua
995 3325 1141 3416 indutus,
1161 3327 1243 3397 Plin.
1264 3330 1305 3396 H.
1327 3330 1364 3396 lt.
1382 3330 1449 3408 Vll,
1468 3330 1524 3409 20,
1541 3331 1583 3394 19

474 3462 493 3506 τ
512 3439 753 3518 vehiculorum
772 3444 880 3512 culicis
908 3450 1036 3514 onusta.
1057 3465 1075 3510 η
1095 3440 1140 3511 ef.
1161 3441 1258 3512 etiam
1277 3444 1353 3512 Cato
1371 3444 1410 3510 ll.
1431 3443 1471 3510 ll.
1501 3445 1540 3523 X,
1560 3446 1584 3511 2

392 3548 395 3553 ’
474 3576 493 3621 «
512 3556 591 3646 luge
609 3576 682 3628 cem
704 3558 778 3628 teris
802 3566 926 3630 ornata.
957 3579 975 3626 η
1001 3556 1049 3630 ld.
1075 3556 1153 3627 ibid.
1178 3561 1221 3626 77
1245 3580 1263 3624 τ
1284 3560 1366 3627 Cere
1386 3557 1473 3625 mette
1497 3554 1581 3628 obli-

473 3687 562 3742 nere.
585 3671 745 3743 »Colum
762 3672 802 3743 de
815 3673 929 3746 Arbor.
947 3677 1000 3756 lv,
1030 3679 1049 3743 5
1079 3695 1097 3740 τ
1129 3672 1260 3744 Sulcum
1286 3693 1360 3743 ωιτη
1382 3685 1470 3742 terro
1493 3691 1582 3743 com-

473 3786 574 3877 plere.
594 3787 672 3858 obl.
688 3796 721 3859 et
734 3788 825 3859 ovid.
842 3794 927 3860 last.
946 3793 999 3874 lv,
1013 3794 1111 3860 695«
1130 3792 1216 3859 llaec
1229 3787 1327 3859 modo
1342 3786 1491 3858 verrebat
1503 3807 1582 3856 rere

473 3923 547 3974 ωιτη
556 3883 675 3992 perbiree
692 3912 833 3996 pratum.
856 3928 874 3973 »
893 3904 955 3976 Sed
975 3904 1084 3976 forsan
1102 3904 1183 3975 lalsa
1201 3904 1293 3975 lectio
1313 3912 1374 3988 est,
1394 3923 1471 3972 nam
1489 3903 1582 3973 locus

474 4019 520 4090 sic
533 4018 650 4112 legitur
667 4039 707 4090 er
724 4019 880 4091 blerkellii
898 4020 1138 4112 recognitione:
1157 4043 1175 4088 u
1204 4024 1290 4092 lleee
1318 4019 1415 4092 modo
1436 4018 1582 4090 verrebat

474 4139 612 4204 stentem
627 4131 757 4207 tibicine
774 4135 895 4206 villam.
914 4159 932 4205 »

515 4250 553 4318 G.
574 4231 617 4332 11,
636 4253 699 4321 lut
719 4274 738 4319 τ
757 4251 911 4324 Gravidas
925 4273 998 4323 cum
1014 4272 1133 4322 τττηωι
1148 4251 1269 4344 fruges.
1292 4273 1310 4320 e
1331 4250 1485 4334 Quamvis
1503 4254 1581 4320 Fer-

477 4362 608 4457 bigerus
621 4385 686 4437 non
705 4386 780 4438 cum
792 4371 950 4460 Wagnero
970 4367 1149 4440 consentiet
1168 4367 1314 4437 Servium
1334 4376 1444 4437 secuto
1463 4375 1496 4436 et
1509 4385 1581 4436 ωιτη

474 4499 535 4572 pro
552 4499 663 4572 praep.
686 4480 834 4569 habente,
855 4484 1026 4555 Bennistus
1049 4504 1114 4555 non
1143 4483 1240 4554 etiam
1266 4483 1364 4553 huius
1388 4483 1581 4573 interpreta-

476 4595 574 4669 tionis
591 4597 789 4671 mentionem
806 4599 911 4686 laciet,
933 4599 1201 4692 ego-Coningtoni
1221 4598 1381 4672 assentior
1396 4597 1459 4689 qui·
1471 4595 1582 4668 existi-
