3540 5612
719 697 760 710 —
782 661 849 744 aba,
871 697 911 712 -

261 843 456 929 spirantibus
479 861 611 934 aequor.
634 866 651 910 >›
673 847 735 912 t33
752 870 767 908 (ι
788 843 846 912 ‘Sin
864 851 938 914 ortu
954 836 1068 934 quarto
1093 883 1133 895 —-
1157 865 1239 936 pura
1261 867 1366 939 neque

262 958 378 1024 obtusis
400 959 546 1026 cornibus
565 957 640 1026 exit.
664 981 681 1025 »
706 961 741 1026 Α.
764 961 790 1040 Ι,
813 963 876 1027 loo
902 981 919 1026 o
941 961 1076 1048 scopulis
1089 963 1292 1048 pendentibus
1310 984 1366 1032 33-

262 1077 359 1139 trum.
383 1095 400 1138 »
423 1077 486 1140 lot
505 1095 523 1139 «
543 1075 630 1142 silvis
649 1093 764 1143 scaena
783 1077 931 1143 coruscis.
954 1097 972 1142 u
997 1079 1060 1143 480
1080 1098 1098 1142 n
1119 1075 1208 1146 ibant
1226 1080 1366 1146 crinibus

163 1259 166 1262 ,
261 1187 377 1257 Iliades
387 1191 502 1276 possis.
519 1211 537 1256 u
552 1193 635 1271 llll,
653 1193 716 1258 lat
731 1213 748 1256 «
765 1192 914 1281 Gorgona
925 1193 1039 1259 deserto
1053 1199 1228 1262 vertentem
1243 1193 1367 1263 lumina

261 1306 348 1372 collo.
370 1327 387 1371 »
403 1308 441 1387 X,
461 1309 524 1373 loo
546 1328 568 1374 u
585 1319 689 1394 optutu
707 1306 810 1375 ventis
824 1314 944 1377 aestate
961 1307 1091 1378 coortis.
1106 1331 1123 1375 »
1138 1311 1189 1396 (=
1205 1330 1243 1380 en
1257 1313 1363 1398 voto);

262 1420 398 1500 Cller.
419 1420 516 1490 Andr.
537 1426 594 1504 Ill,
610 1426 642 1504 3,
660 1427 672 1490 l
696 1445 714 1488 «
730 1425 842 1511 Optato
857 1422 1000 1493 advenis
1020 1447 1037 1491 u
1054 1427 1091 1493 G.
1107 1428 1148 1508 ΙΙ,
1164 1430 1227 1496 too
1244 1449 1262 1494 «
1281 1447 1365 1496 nun-

262 1557 358 1626 quam
370 1539 547 1607 custodibus
560 1541 622 1606 illis
636 1541 835 1609 Nocturnum
852 1539 988 1610 stabulis
1002 1541 1107 1612 iurem
1121 1581 1162 1593 -
1174 1541 1332 1613 horrebis.
1346 1567 1364 1611 3
1431 1621 1434 1627 ,

259 1657 343 1736 llll,
368 1658 410 1722 36
434 1677 452 1721 ‹<
480 1653 663 1744 viridesque
687 1664 796 1725 secant
819 1659 946 1745 placido
971 1678 1108 1746 aequom
1130 1658 1238 1728 silvas.
1262 1683 1279 1727 u
1301 1663 1364 1728 loa

262 1793 280 1837 n
300 1775 422 1858 Mopnu
437 1790 472 1841 33
484 1773 561 1839 mole
579 1769 711 1842 larebat.
731 1796 749 1840 »

602 2210 620 2294 ξ
640 2212 671 2276 3.
695 2246 734 2256 -
754 2211 926 2281 Annlnvus
946 2228 1024 2279 noer.

304 2536 467 2607 Ablativus
486 2537 625 2629 denique
642 2538 751 2608 sedem
771 2537 906 2608 alicuius
923 2538 981 2621 rei,
998 2558 1064 2609 non
1079 2539 1185 2609 solum
1200 2537 1233 2608 in
1247 2524 1362 2628 spatia

262 2651 317 2721 sed
335 2653 430 2723 etiam
451 2655 484 2723 in
503 2662 648 2744 tempore
665 2654 795 2737 indicat,
813 2655 857 2724 ita
871 2663 907 2724 ut
920 2654 1006 2724 idem
1020 2674 1114 2724 casus
1133 2653 1173 2723 ad
1193 2655 1365 2722 lucumoni

261 2777 292 2838 et
305 2783 423 2860 tempos
438 2773 564 2858 quondo
582 2769 703 2860 aliquid
719 2771 824 2862 agitur
841 2770 1076 2862 designandum
1096 2771 1129 2838 in
1148 2791 1211 2840 usu
1227 2770 1278 2839 sit.
1295 2768 1365 2837 Pri-

260 2904 350 2953 mum
367 2885 465 2974 igitur
484 2885 522 2955 de
541 2885 678 2957 ablativo
696 2887 757 2956 loci
776 2862 919 2976 proprio,
941 2885 1057 2955 deinde
1076 2884 1116 2954 de
1130 2883 1267 2955 ablativo
1282 2891 1364 2954 tem-

260 3001 347 3090 poris
367 3001 537 3072 disseram.

334 3353 338 3361 ·
444 3399 447 3406 ,
512 3334 557 3401 Α.
576 3370 615 3380 -
632 3307 817 3401 Ablotious
837 3331 906 3400 lori
919 3331 1101 3424 proprius.

303 3607 371 3674 Non
390 3605 434 3674 ita
457 3604 595 3694 simplex
617 3613 666 3674 est
689 3605 758 3674 eius
778 3603 906 3675 ablativi
930 3606 1035 3690 ratio;
1063 3607 1119 3677 sed
1143 3607 1254 3677 eadem
1278 3609 1363 3698 apud

260 3728 371 3807 poetas
388 3720 548 3790 invenitur
565 3720 701 3790 varietas
716 3720 975 3803 constructionis,
997 3742 1094 3811 quam
1110 3722 1206 3793 modo
1222 3723 1261 3792 de
1276 3721 1364 3792 abla-

259 3835 323 3905 tivo
347 3835 453 3906 locum
482 3836 569 3906 unde
593 3835 780 3928 designante
804 3836 955 3906 vidimus.
988 3837 1168 3908 ablativum
1192 3838 1277 3908 enim
1303 3839 1363 3909 loci

260 3951 412 4022 adhibent
434 3959 547 4042 poetae
570 3972 656 4021 nunc
679 3952 760 4034 sine,
791 3972 877 4022 nuno
900 3973 973 4023 oum
1003 3954 1253 4044 praepositione.
1279 3956 1363 4036 Quin

260 4077 291 4138 et
310 4067 467 4159 Vergilius
495 4067 580 4137 idem
601 4087 697 4158 saepe
717 4067 851 4137 verbum
871 4069 922 4139 liic
945 4090 1018 4140 oum
1047 4070 1185 4161 simplici
1209 4071 1359 4154 ablativo,

259 4183 323 4254 illic
340 4205 413 4253 cum
432 4184 670 4275 praepositione
690 4185 857 4255 construit.
881 4189 921 4254 Ut
940 4185 1037 4276 igitur
1060 4205 1129 4256 rem
1147 4184 1260 4255 ordine
1279 4183 1366 4256 trac-‘

259 4308 377 4379 temus,
397 4299 501 4388 primo
521 4300 678 4369 rationem
698 4300 945 4371 constructionis
969 4321 1052 4390 quae
1074 4301 1169 4392 vulgo
1189 4306 1208 4370 a
1227 4301 1362 4392 scripto-

259 4415 348 4485 ribus
368 4435 483 4504 prosae
501 4416 656 4487 orationis
675 4416 875 4497 observatur,
897 4417 1140 4507 explicabimus.

301 4539 379 4602 llam
407 4553 446 4602 33
472 4534 686 4625 grammaticis
714 4534 920 4626 classicisque
946 4535 1156 4626 scriptoribus
1186 4536 1364 4608 doctrinam

258 4651 413 4743 excerpsi.
