3540 5612
685 634 879 705 -lel-
1005 620 1008 625 ’

225 825 287 890 949.
312 844 328 882 n
350 818 478 889 Talibus
501 818 627 888 insidiis
646 818 833 910 periurique
855 815 1072 908 orte-Pelasgi
1095 816 1221 889 eredita
1244 837 1335 890 res»

226 937 277 1022 (=
287 954 361 1004 cum
376 933 503 1003 insidiis
515 933 766 1024 deciperemur).
784 937 848 1002 352
863 955 882 1000 Ι
895 930 945 1014 oi,
961 933 1074 1019 quibus
1087 930 1260 1022 imperium
1275 931 1338 1003 hoc

226 1054 368 1118 steterat.
396 1069 413 1113 4
438 1049 496 1128 ΙΙΙ,
522 1050 586 1115 546
610 1047 894 1136 «praeceptisque
922 1043 1048 1126 Heleni,
1076 1084 1116 1094 —
1138 1043 1199 1114 rite
1220 1043 1337 1114 lunoni

224 1162 358 1255 argivae
376 1161 485 1232 iussos
504 1161 673 1233 adolemus
692 1161 821 1232 odores.
840 1184 857 1228 »
878 1161 947 1248 (=
959 1168 1206 1251 praeceptorum
1223 1161 1337 1232 Heleni

225 1280 415 1366 memores).
440 1281 493 1360 Ill,
520 1281 562 1346 42
587 1300 605 1344 Ι
627 1277 710 1347 Hinc
731 1277 858 1348 deserta
878 1279 933 1346 siti
957 1277 1058 1368 regio.
1087 1301 1105 1346 »
1131 1282 1217 1348 46(
1244 1282 1338 1349 Η449

226 1414 359 1465 cursum
375 1392 489 1462 lliacas
511 1405 599 1462 94949
617 1393 762 1463 tenuisse
787 1393 925 1463 carinas.
949 1415 967 1460 n
989 1396 1031 1462 48
1053 1415 1071 1459 Ι
1096 1396 1185 1475 Quae
1205 1413 1337 1485 surgere

226 1531 327 1602 regna
350 1511 490 1599 (cernes)
512 1512 656 1598 centuplo
674 1512 733 1580 tali
754 1512 760 1578 l
789 1533 807 1577 n
828 1514 892 1580 464
912 1531 931 1576 (Ι
951 1513 1046 1580 Tecta
1063 1523 1149 1580 44949
1163 1511 1296 1600 petiere.
1318 1534 1337 1578 n

228 1632 291 1697 476
316 1649 334 1694 Ι
358 1630 459 1696 Ρ4449
479 1638 565 1696 metat
587 1624 705 1716 primo.
733 1649 750 1693 n
779 1630 816 1708 V,
844 1629 907 1695 863
932 1647 950 1691 Ι
975 1627 1209 1717 Promissisque
1237 1627 1338 1717 patris

224 1742 363 1834 Neptuni
391 1742 538 1812 interrita
566 1741 718 1813 lentur.»
748 1745 819 1831 (==
840 1743 945 1813 fidens
968 1731 1169 1834 promissis.)
1194 1748 1247 1828 Vl,
1272 1750 1337 1816 266

224 1881 243 1927 (
263 1860 309 1929 Sit
321 1861 451 1930 994499
465 1871 566 1942 oestro
580 1858 725 1940 Pandere
737 1879 789 1930 res
803 1859 868 1929 alta
882 1869 969 1930 terra
981 1867 1013 1930 et
1026 1859 1162 1951 caligine
1177 1881 1301 1933 mersas
1318 1885 1337 1932 »

225 1977 292 2063 (=
306 1994 364 2067 per
384 1995 441 2046 vos
455 1973 549 2044 liceat
564 1973 645 2044 mihi
657 1977 748 2063 ete).
765 1979 834 2057 VII,
853 1979 917 2045 249
933 1998 952 2042 Ι
968 1977 1097 2044 Talibus
1113 1975 1227 2046 Ilionei
1246 1978 1339 2047 dictis

223 2089 328 2162 delixa
346 2091 478 2160 Latinus
497 2090 615 2160 obtutu
632 2099 720 2161 tenet
737 2111 805 2161 ora.
829 2114 846 2159 »
868 2094 931 2160 344
953 2114 971 2158 Ι
989 2095 1128 2162 Immota
1140 2101 1250 2162 manet
1260 2095 1339 2181 [9444

223 2207 354 2277 Lavinia
371 2207 501 2278 coniux.
519 2230 537 2274 »
553 2210 636 2290 Vlll,
654 2212 719 2277 249
738 2230 757 2274 Ι(
777 2207 836 2278 Hic
853 2226 929 2277 vero
948 2206 1077 2278 Alcidae
1090 2210 1189 2296 [94444
1207 2227 1338 2279 exarse-

224 2331 274 2394 rat
291 2332 361 2394 atro
380 2323 465 2393 Felle
479 2322 584 2394 dolor.
604 2346 623 2390 4
641 2327 706 2392 256
722 2326 822 2394 «Non
839 2321 911 2392 tulit
927 2321 1052 2393 Alcides
1068 2325 1197 2393 994444.
1217 2347 1234 2392 n
1251 2325 1338 2412 (uni-

223 2443 283 2508 mis
300 2447 349 2510 est
379 2438 443 2509 abl.
469 2458 534 2508 non
559 2437 632 2520 loci,
659 2438 716 2508 sed
742 2457 882 2508 causae:
904 2472 944 2496 =
968 2446 1101 2529 propter
1132 2439 1242 2527 iram.)
1274 2445 1338 2508 456

226 2578 244 2622 Ι
266 2559 346 2624 Vota
362 2569 447 2625 metu
461 2555 628 2646 duplicant
649 2563 769 2626 matres
788 2555 989 2646 propiusque
1003 2558 1120 2645 periclo
1140 2560 1169 2626 Ι4
1186 2555 1295 2626 timor.
1319 2579 1337 2624 n

226 2675 289 2740 709
310 2694 328 2738 Ι(
348 2670 440 2740 Illam
460 2671 544 2741 inter
562 2671 676 2742 caedes
698 2671 872 2762 pallentem
892 2685 990 2742 morte
1007 2675 1136 2760 [94949.
1159 2675 1250 2754 »ΙΙΙ,
1274 2675 1337 2740 345

227 2809 245 2854 Ι
265 2786 390 2858 Passim
408 2807 515 2856 somno
538 2789 670 2875 dicoque
689 2807 747 2878 per
765 2787 900 2857 herbam
923 2792 1066 2879 Corpora
1085 2789 1158 2859 lusa
1180 2787 1296 2859 iacent.
1319 2810 1337 2854 »

226 2901 286 2990 (Cl.
310 2926 328 2970 Ι
348 2906 469 2973 89449
493 2901 633 2993 vinoque
657 2902 856 2993 sepultam»
881 2905 918 2971 l.
938 2907 981 2986 ΙΙ,
1007 2906 1099 2992 265).
1123 2907 1187 2973 539
1212 2926 1230 2970 Ι
1253 2905 1337 2972 Pon-

225 3020 294 3088 dere
311 3017 412 3090 turris
428 3017 602 3108 procubuit
617 3017 737 3090 subito.
761 3042 778 3087 n
799 3023 838 3102 ΙΙ,
861 3024 925 3089 449
943 3042 962 3086 Ι
983 3023 1045 3090 Aut
1062 3019 1171 3109 spoliis
1194 3038 1253 3111 ego
1273 3019 1336 3090 iam

224 3136 327 3223 ruptis
345 3133 503 3206 laudabor
521 3136 632 3223 opimis
651 3137 712 3205 444
732 3137 788 3205 tcto
807 3137 937 3223 insipidi.
960 3158 978 3202 n
1000 3137 1012 3224 (
1031 3176 1066 3200 =
1080 3144 1214 3226 propter
1234 3136 1338 3227 spolia

226 3259 318 3340 rapta
335 3259 391 3321 aut
407 3259 540 3341 propter
562 3250 689 3339 letum).
712 3256 776 3320 859
796 3274 814 3318 Ι
836 3251 933 3322 394Ιί4
955 3254 1011 3321 boc
1032 3253 1093 3340 (sc.
1119 3255 1218 3344 equo)
1238 3254 1339 3324 victor

226 3364 504 3437 abibatomnibus.
517 3360 577 3436 nE.
589 3370 631 3449 ΙΙ,
644 3372 686 3436 26
699 3371 804 3437 «Cum
815 3367 979 3459 placidum
988 3370 1087 3439 centis
1099 3377 1198 3440 staret
1208 3389 1337 3441 mare.»

226 3482 285 3552 llic
302 3481 367 3552 abl.
393 3503 412 3552 a
433 3483 565 3554 notione
588 3483 707 3574 pendet
735 3503 818 3575 quae
841 3483 874 3554 in
899 3482 998 3555 uerbo
1019 3499 1105 3554 sture
1128 3486 1335 3557 continetur:

226 3612 323 3669 staret
341 3607 593 3670 :sterneretur
611 3599 689 3670 olio.
715 3603 764 3670 lla
787 3599 873 3670 enim
893 3600 997 3671 ventis
1016 3600 1171 3673 tribuitur
1192 3611 1338 3694 potestas

226 3713 344 3785 lluctus
359 3712 505 3796 sedandi,
518 3714 605 3805 quod
619 3723 656 3784 ut
670 3713 738 3797 fiat,
752 3714 829 3785 satis
840 3724 890 3785 944
904 3735 961 3786 994
975 3713 1053 3786 llar‘c
1069 3716 1216 3787 desinere
1230 3741 1238 3801 ;
1254 3731 1339 3787 sture

223 3835 388 3922 placidum
405 3835 503 3903 ventis
521 3833 607 3903 idem
628 3832 711 3903 valet
730 3841 826 3923 atque
845 3852 917 3904 csse
934 3841 1084 3924 pacatum
1103 3833 1218 3904 ventis.
1234 3836 1272 3902 G.
1293 3837 1335 3916 ΙΙ,

228 3952 292 4018 330
312 3972 330 4016 ((
345 3947 485 4020 Parturil
499 3947 604 4019 almus
625 3968 701 4040 ager
715 3947 912 4040 zephyrique
926 3951 1095 4038 aspectibus
1109 3952 1201 4021 99444
1218 3954 1339 4019 Laxant

227 4082 304 4135 arva
318 4065 422 4136 sinus.
444 4088 462 4134 4
482 4069 545 4134 353
567 4087 584 4132 Ι(
605 4063 665 4135 Ubi
681 4064 788 4135 hiulca
801 4067 856 4135 siti
868 4063 962 4135 findit
980 4065 1068 4136 canis
1085 4064 1337 4136 aestilorarva.»

228 4183 265 4252 6.
286 4185 344 4265 ΙΙΙ,
365 4185 429 4251 478
454 4204 472 4249 Ι
496 4181 555 4252 Hic
577 4181 741 4273 quondam
772 4184 890 4252 nwrto.
908 4182 987 4253 caeli
1014 4181 1199 4253 miseranda
1229 4191 1339 4252 coorta

228 4305 277 4368 est
306 4336 347 4348 —
373 4295 456 4366 lues.
479 4319 497 4364 »
516 4299 596 4367 Nota
613 4299 651 4366 G.
668 4300 710 4379 ΙΙ,
729 4301 791 4366 425
812 4319 830 4363 Ι
850 4302 917 4367 Hoc
946 4296 1100 4388 pinguem
1128 4305 1159 4366 et
1188 4296 1338 4387 placitam

228 4413 301 4483 Paci
315 4412 455 4482 nutritor
473 4411 602 4482 olivam.
620 4436 638 4481 a
652 4417 720 4482 Hoc
741 4445 776 4471 =
794 4412 903 4503 itaque
917 4421 949 4483 et
962 4412 1125 4484 homerico
1146 4431 1182 4500 τῷ
1201 4432 1338 4503 respon-

230 4530 294 4600 det.
320 4528 365 4599 84.
391 4532 470 4599 Η94.
492 4533 524 4598 S.
546 4533 573 4612 Ι,
596 4534 627 4612 6,
651 4533 693 4598 87
715 4553 734 4598 Ι
757 4533 796 4600 44
814 4531 871 4598 boc
888 4549 975 4600 nuno
992 4528 1064 4600 laus
1082 4527 1129 4597 illi
1142 4527 1295 4603 debetur.
1318 4553 1336 4596 n

230 4646 322 4742 Apud
340 4646 524 4721 Ciceronem
554 4656 590 4730 94.
612 4651 779 4720 Caesarem
810 4649 868 4718 boc
885 4666 924 4720 eo
942 4666 1042 4720 seusu
1068 4667 1134 4720 non
1161 4645 1334 4720 invenitur.
