3540 5612
829 645 1044 733 Ι-444-

378 815 522 902 ’4444444
541 835 572 898 44
589 845 685 898 usum
703 825 834 909 reversi,
853 825 1055 940 easliormas,
1074 828 1163 894 44444
1179 825 1380 916 praesertim,
1402 826 1496 898 etiam

399 952 473 1035 post
484 943 582 1014 verba
598 950 722 1013 motum
738 940 911 1012 indicantia
925 940 1138 1014 retinuerunt.

443 1063 543 1130 liutai
556 1083 563 1129 :
578 1062 616 1132 A.
636 1062 678 1141 ΙΙ,
697 1063 760 1128 384
775 1080 793 1124 a
809 1060 952 1150 Anguem
964 1059 1077 1146 pressit
1095 1060 1183 1128 44444
1197 1057 1315 1128 nitens.
1334 1085 1349 1124 4
1365 1063 1419 1142 ΙΙΙ,
1437 1063 1498 1130 753
1597 1120 1600 1126 .

401 1199 419 1243 «
440 1178 555 1246 Sternit
568 1177 656 1244 tami
669 1173 812 1245 moriens
827 1181 928 1242 artus.
947 1175 1018 1255 444,
1031 1177 1126 1242 5584
1142 1177 1211 1244 Non
1223 1182 1255 1243 44
1265 1174 1388 1264 optima
1399 1184 1500 1246 mater

400 1290 517 1362 condet
536 1292 635 1360 44444.
663 1292 765 1358 »697
789 1275 805 1352 a
828 1287 955 1364 Prolem
989 1286 1191 1358 Dolichaonis
1220 1287 1364 1359 44444444
1392 1292 1500 1359 sternit

401 1409 501 1477 44444.
521 1431 537 1468 »
561 1410 599 1487 V,
625 1409 682 1475 484
708 1431 724 1470 a
746 1403 907 1475 Sternitur
926 1402 1148 1495 exanimisque
1164 1412 1306 1476 tremens
1325 1409 1501 1494 4444444444
1594 1389 1597 1398 ’

385 1514 490 1594 'lame'
512 1520 583 1593 444.
614 1547 628 1582 a
652 1524 706 1604 XI,
728 1524 791 1589 640
816 1547 831 1586 4
854 1523 1017 1588 4444444444
1039 1522 1139 1588 lami.
1163 1522 1233 1589 »4.
1258 1525 1284 1605 Ι,
1309 1526 1384 1604 433,
1405 1542 1501 1613 supra

402 1637 546 1708 citatum.
562 1638 616 1718 ΙΙΙ,
634 1640 698 1705 665
714 1663 729 1700 4
770 1643 849 1727 quot
864 1637 953 1705 latai
970 1634 1140 1705 morientia
1153 1655 1289 1727 corpora
1300 1639 1420 1724 4444444.
1443 1662 1459 1698 n

444 1759 525 1826 Tum
540 1755 627 1846 apud
640 1754 815 1846 Vergilium
826 1751 958 1843 quidam
971 1750 1025 1822 alii
1040 1751 1166 1823 locativi
1180 1762 1355 1825 occurrunt
1368 1753 1501 1844 scripto-

403 1870 494 1942 ribus
511 1889 627 1942 aureae
644 1870 758 1942 aetatis
773 1867 941 1939 inusitati:

450 1989 586 2054 Terrae:
605 1988 641 2054 A.
657 1987 710 2067 Vl,
731 1989 772 2055 84
788 2013 804 2051 a
823 1985 884 2057 Sed
903 1993 1008 2058 terrae
1022 1987 1169 2078 gratiora
1186 1994 1330 2057 manent.
1345 1999 1448 2056 terrae
1465 2022 1501 2046 =

405 2113 504 2182 terra,
523 2099 611 2191 quod
626 2103 722 2171 Rom.
740 2099 880 2171 4444444.

449 2220 599 2287 Hermae
621 2217 635 2304 (
654 2244 688 2269 =
705 2217 846 2305 terrae):
870 2219 940 2297 ΙΙΙΙ,
962 2220 1026 2287 384
1050 2244 1066 2281 a
1088 2224 1238 2287 truncum
1262 2214 1391 2307 reliquit
1411 2219 1503 2285 itare-

404 2352 477 2402 aae.
500 2357 515 2394 »
536 2331 581 2401 ei.
598 2334 652 2414 XI,
669 2334 711 2401 87
726 2358 741 2395 a
765 2340 831 2402 toto
846 2331 1009 2422 proiectus
1025 2351 1159 2424 corpore
1180 2345 1295 2402 terrae.
1314 2357 1329 2394 c

448 2449 580 2516 Patriae
595 2469 608 2516 :J
625 2449 679 2530 ΙΙΙ,
696 2451 759 2517 aet
778 2474 794 2512 a
817 2451 940 2539 Corpus
954 2458 985 2519 et
1003 2468 1093 2518 arma
1109 2450 1238 2538 patriae
1256 2468 1422 2539 reponam.
1445 2474 1460 2510 4

450 2568 586 2656 Campi:
612 2567 649 2636 G.
674 2568 731 2650 ΙΙΙ,
752 2569 815 2636 343
840 2592 855 2630 4
878 2573 1003 2636 tanturm
1023 2569 1129 2654 campi
1148 2565 1229 2637 iacet
1251 2590 1266 2627 4
1295 2567 1355 2654 (sc.
1377 2565 1503 2656 pecus),

407 2682 429 2752 i.
446 2699 476 2752 4.
496 2700 596 2773 pecus
614 2681 648 2751 in
667 2689 752 2752 terra
768 2680 937 2752 recumbit.
959 2684 1071 2770 Garapt'
1090 2681 1177 2751 enim
1192 2700 1258 2750 non
1281 2700 1341 2771 pro
1360 2679 1505 2772 genetivo

406 2794 562 2866 obiectivo
578 2794 628 2866 vel
640 2793 825 2885 quantitatis
839 2793 880 2864 ab
895 2807 1021 2863 taratara
1034 2793 1206 2885 pendente,
1225 2793 1282 2864 sed
1296 2813 1355 2884 pro
1371 2792 1505 2863 locativo

408 2909 591 2981 habendum
610 2909 689 2980 milri
717 2908 853 2980 videtur.
875 2891 966 2979 Hanc
993 2908 1289 2999 interpretationem
1319 2907 1507 2998 Ladevigias

407 3025 621 3097 commendat.
635 3027 694 3118 ,sic
708 3025 804 3117 igitur
822 3026 912 3097 loeus
931 3024 1161 3115 explicandus:
1183 3012 1310 3094 Nullam
1331 3022 1505 3113 hospitium

407 3141 527 3213 habent
542 3161 660 3233 pecora
679 3141 734 3212 ubi
754 3140 966 3232 requiescant,
993 3149 1024 3210 et
1045 3139 1116 3210 ideo
1137 3139 1169 3208 in
1189 3148 1285 3221 terra,
1309 3138 1369 3210 sub
1389 3139 1441 3210 dio
1460 3139 1507 3208 ia-

289 3293 291 3296 ·
408 3265 491 3326 cent.
528 3259 640 3345 Campe·
714 3256 816 3326 humi.
846 3254 960 3325 Videas
980 3263 1087 3324 tamen
1108 3253 1250 3325 Benoisti
1268 3253 1508 3325 adnotationem

408 3369 449 3439 ad
466 3370 595 3452 locum;
625 3379 733 3440 censet
760 3371 813 3441 ille
831 3371 963 3441 alteram
983 3369 1291 3459 interpretationem,
1317 3389 1381 3460 qua
1403 3372 1508 3457 campi

409 3485 575 3576 genetivus
589 3486 763 3558 obiectivus
779 3508 852 3558 cum
870 3501 995 3556 taratara
1007 3486 1231 3576 coniungatur,
1249 3486 1344 3578 vulgo
1365 3506 1436 3558 esse
1454 3507 1508 3558 44-

409 3610 533 3691 ceptam
548 3610 580 3672 et
593 3603 890 3674 esse'retinendam.

452 3719 532 3787 Nota
548 3716 652 3786 Plaut.
673 3717 784 3788 Bacch.
805 3721 846 3799 ΙΙ,
866 3721 899 3798 2,
916 3720 958 3784 at
974 3742 988 3779 4
1005 3719 1171 3805 prasimae
1189 3718 1323 3785 viciniae
1342 3715 1472 3786 habitat.
1492 3743 1507 3779 4

410 3830 500 3902 Idem
525 3832 590 3902 Mil.
621 3837 662 3916 ΙΙ,
683 3837 715 3916 3,
735 3839 766 3902 4.
784 3871 824 3882 -
844 3834 902 3901 04.
931 3837 1005 3901 liet.
1032 3836 1068 3913 V,
1099 3837 1164 3901 444
1182 3858 1197 3896 a
1218 3830 1390 3902 Procubuit
1404 3845 1509 3900 terrae

411 3949 538 4019 mactati
557 3969 647 4020 more
662 3949 797 4020 iuvenci.
817 3974 832 4010 n
853 3962 941 4018 terra
958 3953 1031 4018 ltlet.
1049 3952 1090 4031 ΙΙ,
1108 3953 1201 4018 att«
1220 3969 1294 4018 cum
1312 3948 1406 4019 vellet
1422 3961 1508 4018 terra
1567 3961 1571 3968 ·

410 4062 633 4154 procumbere.
654 4065 776 4155 »Apul
793 4070 866 4134 liet.
886 4065 944 4145 ΙΙΙ,
962 4069 982 4133 2
999 4071 1079 4134 extr.
1098 4091 1113 4128 a
1134 4069 1183 4134 444
1200 4068 1377 4134 orchestrae
1390 4065 1509 4132 mediae

412 4180 540 4250 sistunt.
561 4206 576 4243 »
590 4183 648 4263 ΙΙΙ,
668 4185 709 4249 46
724 4180 769 4249 in.
785 4207 800 4244 a
820 4181 991 4249 tonstrinae
1005 4179 1211 4250 residentem.
1231 4206 1246 4242 4

344 4321 345 4324 “
454 4296 587 4364 Aar'rat':
612 4294 661 4363 Nil
685 4295 781 4386 igitur
808 4292 1005 4384 Vergilianas
1033 4293 1187 4364 orationis
1213 4295 1342 4386 ingenio
1365 4294 1510 4365 doctrina

412 4414 570 4498 repugnat
587 4428 699 4480 eorum
719 4407 774 4498 qui
791 4409 904 4488 aaiati,
934 4405 1020 4495 quod
1037 4405 1129 4475 multi
1148 4407 1330 4497 genetivum
1345 4404 1509 4476 relationis

412 4530 486 4610 post
503 4521 656 4592 adiectita
675 4531 707 4592 et
722 4521 819 4591 verba
834 4521 983 4590 allectum
1008 4521 1107 4590 animi
1131 4521 1343 4612 significantia
1363 4541 1434 4590 esse
1453 4539 1509 4590 vo-

259 4605 278 4663 ³·
297 4612 300 4636 ⁵
412 4635 494 4717 lunt,
511 4656 569 4726 pro
584 4637 717 4708 locatito
735 4635 919 4708 hadendum
934 4656 1010 4712 esse
1025 4637 1233 4719 contendunt,
1256 4637 1367 4708 eadem
1386 4637 1509 4708 ratione
