3528 5604
712 716 883 782 ..Μ-

248 897 340 990 quasi
360 903 459 968 totam
478 895 619 968 residere
645 904 677 968 et
708 896 869 988 explicari.
895 901 964 980 Qua
982 895 1022 967 de
1044 915 1141 966 cansa
1162 904 1347 968 nostrarum

248 1010 430 1094 scholarum
449 1011 616 1108 discipulis
637 1011 842 1102 potissimum
860 1011 958 1083 iidem
980 1010 1159 1082 admirandi
1183 1032 1347 1083 commen-

248 1127 400 1218 tandique
416 1128 486 1199 iure
499 1137 736 1220 proponuntur.
753 1133 821 1199 Iam
837 1128 922 1219 apud
939 1131 1102 1198 Romanos
1116 1127 1225 1219 pneris
1239 1127 1347 1220 legen-

248 1242 309 1313 dus
324 1242 481 1334 Vergilius
490 1264 563 1313 cnm
578 1248 718 1315 Homero
731 1243 927 1326 tradebatur,
945 1241 1031 1334 quod
1046 1225 1240 1325 Quintiliano
1255 1243 1347 1315 valde

247 1359 419 1451 probatur:
433 1361 617 1453 «Ideoque,
633 1363 688 1446 ait,
704 1363 825 1454 optime
842 1362 1024 1433 institutum
1039 1369 1138 1432 estut
1152 1361 1191 1432 alr
1205 1365 1345 1434 Homero

248 1484 344 1566 atque
370 1476 508 1569 Vergilio
540 1477 632 1549 lectio
663 1479 828 1570 inciperet,
854 1497 1040 1569 quanquam
1056 1477 1097 1547 ad
1116 1476 1345 1568 intellegendas

248 1612 360 1663 eornm
379 1584 512 1664 virtutes
529 1592 671 1665 firmiore
689 1594 806 1665 iudicio
825 1613 907 1684 opus
925 1599 1021 1664 esset.
1047 1615 1066 1661 v
1085 1592 1259 1684 Vergilium
1276 1601 1345 1664 tum

247 1708 332 1778 idem
359 1709 573 1790 Quintilianus
592 1710 755 1782 contendit
784 1710 889 1781 solum
909 1728 981 1780 esse
998 1709 1081 1780 inter
1096 1707 1213 1779 latinos
1235 1717 1346 1799 poetas

236 1825 288 1895 ¹ad
317 1824 447 1896 invenes
468 1825 508 1896 ad
529 1826 744 1918 eloquentiam
772 1827 992 1899 informandos
1012 1827 1176 1898 idoneum.
1202 1849 1220 1894 <v
1246 1828 1347 1899 Ceteri

247 1959 371 2022 omnes,
409 1941 523 2032 inquit,
553 1941 648 2034 longe
675 1950 862 2034 sequentur.
895 1945 974 2012 llam
995 1946 1101 2038 Macer
1127 1950 1158 2012 et
1181 1942 1346 2013 Lucretius

246 2056 372 2148 legendi
390 2057 532 2148 quidem,
557 2059 613 2129 sed
631 2079 697 2130 non
714 2068 750 2130 ut
767 2059 911 2150 phrasin,
930 2059 962 2129 id
978 2067 1037 2142 est,
1058 2078 1175 2149 corpus
1194 2058 1346 2149 eloquen·
1432 2039 1437 2050 ’

247 2170 309 2241 tiae
325 2170 450 2242 saciant.
469 2195 487 2240 a
502 2173 584 2258 (Lib.
602 2177 640 2257 X,
662 2194 731 2265 cap.
750 2177 797 2263 l.)

289 2288 417 2380 Vergilii
441 2289 537 2381 igitur
556 2310 655 2380 opera
681 2291 812 2361 maximi
831 2299 907 2362 sunt
931 2290 1097 2373 momenti,
1118 2298 1150 2361 et
1168 2288 1345 2380 plurimum

246 2402 286 2472 ad
299 2404 455 2494 poeticam
475 2405 648 2477 latinorum
665 2406 808 2498 linguam
827 2406 1035 2478 evolvendam
1054 2404 1346 2496 perficiendamque

246 2520 460 2591 contulerunt.
477 2522 603 2594 Latinas
618 2523 703 2594 enim
717 2523 837 2595 litteras
856 2533 887 2595 et
905 2525 1055 2595 universa
1066 2531 1234 2614 poetarum
1248 2542 1346 2612 opera

246 2658 312 2709 uno
335 2648 467 2729 aspectu
498 2639 782 2731 cirscumspicienti
815 2651 947 2731 apparet
965 2640 1094 2732 Vergilii
1117 2658 1200 2729 opus
1219 2647 1256 2708 ut
1277 2658 1345 2708 me-

246 2754 318 2824 dius
337 2754 427 2825 locus
442 2755 481 2825 ad
494 2776 590 2846 quem
609 2757 752 2848 undique
767 2765 889 2827 ceterae
900 2756 1079 2827 litterarum
1093 2763 1201 2846 partes
1216 2774 1345 2846 vergere

245 2868 404 2939 videntur.
427 2869 581 2962 Linguam
600 2871 704 2961 ipsam
723 2871 851 2964 Vergilii
870 2880 907 2940 ut
924 2879 1049 2941 tantum
1079 2869 1244 2960 attingam,
1264 2889 1345 2959 quc-

246 2984 332 3054 niam
355 2984 395 3054 de
408 2984 588 3056 hacunain
602 2986 762 3076 praesenti
779 2985 936 3077 opusculo
949 2985 1064 3077 agitur,
1086 2983 1344 3075 Vergilinsvete-

245 3118 313 3169 rem
344 3099 432 3169 illam
456 3101 641 3172 Latinorum
663 3102 818 3194 lingnam,
850 3101 963 3171 rudem
987 3099 1106 3170 scilicet
1137 3106 1169 3169 et
1197 3118 1344 3194 asperam

245 3214 343 3285 ductu
362 3224 540 3307 naturaque
566 3217 637 3308 ipsa
667 3217 809 3308 poeticae
828 3215 1066 3306 amplificationi
1097 3222 1341 3306 repugnantem,

246 3350 306 3401 suo
325 3332 575 3403 accommodavit
591 3315 731 3426 ingenio,
751 3342 783 3404 et
797 3332 925 3403 tandem
940 3331 1154 3402 elocutionem
1169 3330 1343 3401 sermonis-

246 3464 308 3535 que
327 3454 519 3517 structuram
540 3448 584 3518 ita
602 3448 744 3540 perfecit,
765 3459 801 3519 ut
823 3469 881 3540 per
899 3468 995 3518 omne
1012 3448 1185 3538 insequens
1213 3455 1343 3535 tempus

245 3559 408 3650 exemplar
438 3562 623 3651 perstiterit,
659 3563 744 3653 quod
777 3561 837 3632 sihi
864 3560 1055 3631 imitandum
1086 3579 1199 3631 omnes
1227 3567 1340 3649 poetae

245 3676 471 3767 proposuerint
494 3677 549 3768 qui
568 3677 751 3749 hexametro
763 3697 857 3749 versu
870 3673 1020 3768 poemata
1037 3675 1260 3748 condiderunt.
