3528 5604
710 665 887 760 ¹-a‘3-

252 873 398 959 aliquem,
414 874 592 960 aliquid:
611 882 719 944 averto
736 894 788 944 me
804 874 843 945 ab
859 875 978 965 aliquo,
998 895 1073 967 ergo
1091 875 1184 945 illurn
1198 873 1353 966 despici0,

253 997 434 1059 contemno.
463 991 661 1079 Deponentia
679 991 765 1060 enim
793 999 825 1061 et
842 990 993 1060 rellexam
1014 991 1279 1082 significationem
1297 991 1355 1060 ha-

253 1103 329 1175 bent
343 1114 375 1175 et
387 1105 524 1176 sormam
542 1109 714 1197 passivam,
737 1128 835 1199 quam
851 1107 964 1191 solam,
988 1108 1091 1178 activa
1109 1107 1267 1198 deposita,
1289 1127 1356 1177 ser-

252 1229 417 1291 laverunt.

296 1340 374 1405 Cum
399 1357 475 1408 vero
494 1338 628 1408 verbum
655 1339 812 1410 reflexum
838 1339 872 1407 in
896 1338 994 1408 latina
1017 1337 1127 1429 lingua
1153 1345 1290 1418 mature,
1321 1344 1357 1406 ut

253 1448 517 1536 supradiximus,
538 1451 571 1519 in
584 1451 749 1541 passivum
763 1451 969 1520 immutatum
984 1449 1036 1531 sit,
1054 1467 1126 1518 raro
1141 1446 1255 1530 Latini,
1273 1445 1300 1516 si
1316 1445 1356 1516 ad

252 1579 401 1650 graecum
421 1583 518 1633 usum
537 1565 719 1655 respicitur,
738 1565 866 1656 passiva
884 1563 982 1634 verba
994 1584 1067 1633 oum
1081 1561 1260 1632 accusativo
1279 1580 1356 1631 eon-

251 1673 437 1747 iunxerunt.
454 1680 647 1772 Plerumque
660 1681 864 1773 participium
883 1680 1058 1771 perlectum
1084 1679 1129 1748 ita
1145 1675 1354 1748 construitur.

252 1790 348 1860 Cuius
362 1792 409 1862 rei
422 1813 519 1862 causa
532 1794 565 1863 in
580 1814 617 1864 eo
633 1794 816 1885 quaerenda
828 1794 964 1878 videtur,
980 1793 1067 1883 quod
1081 1812 1139 1882 per
1153 1787 1357 1882 participium

252 1909 425 2002 quamdam
440 1909 620 2000 energicam
639 1910 775 2000 acquirit
794 1909 895 1981 oratio
915 1909 1114 1990 brevitatem,
1153 1927 1235 1998 quae
1252 1909 1356 1999 poetis

253 2046 381 2117 semper
407 2034 555 2116 exoptata
580 2026 651 2096 luit.
679 2010 777 2097 blulto
801 2026 904 2096 rarior
927 2025 1046 2116 passivi
1072 2045 1145 2095 cum
1168 2044 1233 2094 acc.
1261 2045 1354 2107 usus,

252 2141 343 2211 cuius
357 2162 518 2233 perpauca
534 2143 681 2232 exempla
697 2143 783 2233 apud
808 2141 980 2232 scriptores
1010 2140 1065 2231 qui
1091 2148 1164 2211 ante
1190 2139 1357 2212 classicam

253 2265 388 2327 aetatem
414 2257 555 2340 luerunt,
583 2258 802 2328 inveniuntur.
831 2257 1030 2328 constructio
1045 2265 1115 2326 tum
1130 2255 1274 2347 primum
1293 2256 1357 2326 ire-

253 2393 355 2463 quens
381 2374 467 2464 apud
493 2377 716 2466 Augustaneae
744 2374 855 2444 aetatis
884 2379 996 2464 poetas
1015 2371 1164 2454 occurrit,
1181 2371 1357 2463 Vergilium
1463 2461 1465 2466 Ι

253 2491 286 2560 11
300 2490 425 2580 primis,
445 2490 536 2559 Ovid.
554 2499 585 2560 et
603 2494 729 2573 Horat,
746 2491 801 2581 qui
818 2490 879 2560 sibi
898 2489 980 2560 miro
995 2488 1102 2559 studio
1121 2507 1234 2580 graeca
1249 2507 1357 2558 exem-

253 2606 355 2696 plaria
377 2616 618 2697 proposuerunt
642 2605 807 2676 imitanda.
834 2611 880 2675 Ex
908 2602 1026 2698 quibus
1051 2603 1155 2695 poetis
1183 2623 1264 2673 usus
1291 2622 1356 2673 non

254 2723 360 2792 solum
391 2723 424 2792 in
457 2722 586 2814 Vergilii
616 2723 804 2806 imitatores,
827 2722 962 2792 Statium
996 2729 1028 2791 11
1054 2721 1167 2790 Silium
1195 2718 1354 2803 Italicum,
1461 2773 1466 2786 .

254 2838 309 2907 sed
329 2837 424 2908 etiam
439 2837 472 2907 in
490 2838 661 2909 historicos
688 2838 860 2930 scriptores
882 2838 1018 2920 Livium,
1042 2835 1197 2918 Tacitum,
1213 2834 1357 2908 Curtium

253 2954 398 3043 aliosque
414 2955 588 3025 translatus
602 2965 662 3037 est,
680 2955 843 3045 quisnam
862 2955 1039 3025 orationem
1055 2952 1179 3043 poetico
1193 2960 1225 3021 11
1242 2970 1356 3042 graeco

254 3071 541 3141 coloreinlundere
564 3071 769 3142 studuerunt.
787 3071 917 3140 Classici
944 3090 1019 3141 vero
1047 3068 1220 3160 scriptores
1239 3086 1355 3158 prosae

253 3187 419 3269 orationis,
441 3188 559 3276 Cicero,
577 3191 703 3270 Caesar,
721 3187 903 3269 Sallustius,
925 3194 957 3256 et
974 3185 1027 3256 alii
1042 3204 1172 3276 quoque
1187 3189 1357 3274 argenteae

254 3304 378 3386 aetatis,
407 3303 551 3374 Valerius
576 3304 745 3386 illeximus,
773 3303 1001 3386 Quintilianus,
1022 3300 1157 3380 Plinius,
1173 3303 1279 3391 Nepos
1294 3306 1354 3369 etc.

254 3419 335 3489 hanc
349 3419 509 3489 scribendi
521 3419 682 3489 licentiam
699 3440 765 3490 non
779 3419 989 3489 admiserunt.
1003 3429 1010 3437 ·

297 3546 427 3616 Passiva
440 3544 548 3629 verba,
566 3567 648 3638 quae
661 3546 747 3636 apud
760 3546 934 3638 Vergilium
948 3553 1103 3635 tanquam
1115 3543 1244 3626 111111,
1260 3562 1356 3614 suum

254 3662 414 3734 obiectum
433 3663 466 3732 in
483 3663 662 3733 accusativo
681 3662 811 3745 babent,
829 3662 873 3731 ita
887 3660 1035 3732 distribui
1050 3667 1189 3751 possunt
1205 3681 1213 3728 :

298 3866 331 3929 l⁰
348 3859 479 3930 Rellexa
501 3859 604 3930 forma
629 3859 747 3929 indicat
768 3858 931 3928 notionem
954 3859 1105 3926 induendi
1128 3855 1176 3925 vel
1196 3855 1353 3926 acuendi:

254 3975 419 4046 Obieotum
432 3975 520 4045 verbi
539 3983 589 4045 est
602 3974 699 4044 vestis
714 3974 780 4044 sive
795 3973 872 4064 quid
890 3972 1007 4055 simile,
1027 3993 1092 4064 quo
1107 3970 1288 4042 subiectum
1307 3969 1356 4040 in-

253 4091 362 4161 duitur
380 4091 430 4161 rel
448 4093 586 4162 eruitur.

296 4223 393 4290 11111
409 4245 416 4290 :
438 4225 557 4303 1111,
580 4224 643 4290 610
663 4244 681 4287 (1
699 4221 830 4289 loricam
849 4217 993 4288 induitur
1012 4240 1029 4284 1
1046 4246 1086 4277 =
1106 4213 1211 4285 induit
1231 4213 1293 4284 sibi
1312 4215 1356 4282 lo·

252 4340 353 4406 ricem
368 4362 376 4421 ;
397 4337 539 4427 (passiva
557 4345 664 4407 autem
683 4334 872 4428 significatio
890 4333 1064 4404 ablativum
1079 4331 1237 4422 requirit:
1257 4327 1357 4400 lorica

254 4452 423 4539 induitur).
439 4456 480 4535 ll,
498 4456 560 4521 275
581 4451 708 4520 «Redit
724 4453 855 4520 1111111
869 4451 998 4518 indutos
1017 4446 1146 4524 Achillis
1161 4469 1179 4514 1
1195 4443 1352 4536 (passiva

254 4567 376 4638 exuviis
391 4567 549 4656 indutus).
571 4572 638 4650 Vll,
660 4572 723 4636 116
744 4587 816 4658 sqq,
838 4587 855 4632 «
875 4578 1015 4652 tegumen
1035 4563 1139 4633 leonis
1156 4581 1230 4632 cum
1249 4559 1355 4632 denti-

255 4683 316 4754 bus
334 4682 565 4754 1111111111
585 4681 680 4773 capiti
701 4704 719 4749 »
739 4680 864 4772 (gallice
887 4678 1102 4752 translatum:
1125 4700 1143 4745 «
1163 4675 1257 4772 apres
1275 4673 1355 4768 qu'il
