3490 5604
566 677 571 686 ,
675 601 868 672 *153-

219 778 383 852 ficationcs
399 801 408 850 ε
427 783 505 852 dere
521 809 564 844 τ·-
583 783 703 853 mittere
730 785 766 853 I.
796 787 838 866 ΙΙ,
867 784 931 854 556
960 803 978 850 «
1004 762 1146 874 Corpora
1171 780 1263 856 saltu
1281 779 1322 856 ad

219 903 337 968 terram
351 889 480 982 misere,
495 906 552 969 ant
564 899 689 988 iputtue
701 909 796 992 aegra
812 900 929 969 dedere.
949 901 1038 994 »lIl,
1053 903 1118 970 555
1137 922 1155 968 c
1176 903 1232 971 dut
1250 919 1322 973 sese

217 1015 325 1103 pecu.
347 1035 366 1082 a
391 1053 432 1065 -
446 1013 563 1086 llotitia
585 1013 724 1108 denique
753 1014 886 1108 dignum
915 1023 965 1086 est
990 1017 1066 1086 dore
1091 1015 1234 1107 positum
1261 1037 1322 1109 pro

219 1129 327 1214 dicere,
348 1150 497 1215 comare,
523 1130 610 1224 quod
631 1131 793 1203 interdum
816 1130 913 1204 etiarn
930 1129 1016 1223 apud
1036 1132 1202 1231 prosaicos
1219 1132 1322 1225 scrip·
1391 1128 1394 1136 '

219 1253 305 1318 tores
316 1265 381 1318 usu
393 1238 491 1318 venit.
506 1250 543 1318 n.
555 1250 582 1332 I,
599 1252 643 1317 t8x
654 1269 673 1315 «
686 1251 752 1318 Iste
764 1245 846 1320 deus
860 1245 918 1338 qui
932 1246 985 1331 sit,
999 1248 1053 1331 do,
1066 1245 1185 1338 Tityre,
1197 1250 1322 1318 uotis.»

219 1365 254 1433 l.
276 1366 359 1447 VIII,
386 1367 449 1433 tot
480 1386 499 1432 c
528 1366 614 1434 Haec
639 1365 786 1452 inpressis
813 1361 938 1455 placide
964 1360 1054 1455 prior
1080 1365 1176 1434 edidit
1202 1383 1270 1436 ore.
1303 1387 1322 1432 »-

219 1478 337 1552 Eadem
359 1479 577 1572 metaphorica
601 1478 834 1572 significatione
856 1480 994 1569 occipere
1014 1498 1074 1570 pro
1095 1481 1209 1552 codice
1223 1500 1322 1554 usur-

219 1604 326 1688 patur.
1009 1610 1013 1619 '
1104 1602 1108 1610 '

263 1716 453 1805 Quanquam
471 1732 524 1785 res
538 1712 579 1783 ad
597 1711 745 1783 infinitivi
758 1732 854 1784 usum
870 1711 978 1802 potius
998 1711 1148 1804 pertinet,
1167 1713 1199 1785 id
1214 1721 1322 1786 tamen

220 1829 395 1900 notandum
411 1828 464 1899 hic
476 1847 549 1900 esse
561 1827 721 1912 existimo,
739 1847 836 1921 saepe
849 1827 1024 1921 Vergilium
1041 1828 1139 1901 verbo
1155 1831 1232 1900 dore
1248 1829 1322 1902 inli-

220 1945 354 2017 nitivum
374 1944 504 2028 addere,
524 1963 589 2036 quo
612 1945 791 2016 accuratius
809 1943 981 2016 definiatur
1000 1945 1040 2016 ad
1059 1965 1157 2038 quem
1174 1966 1274 2018 usum
1291 1955 1325 2018 ct

219 2061 318 2132 linem
328 2060 451 2153 aliquid
460 2059 559 2154 ¹detur
571 2060 678 2132 alicui.
693 2063 729 2130 l.
746 2065 772 2144 I,
788 2064 862 2130 ld«
880 2062 947 2130 Titi
959 2061 1097 2130 multare
1111 2061 1193 2130 dedit
1204 2059 1323 2132 fluctus

220 2185 252 2248 et
264 2177 377 2248 tollere
389 2184 496 2248 vento.
514 2199 533 2246 e
552 2180 590 2260 V,
609 2180 685 2260 535,
706 2196 778 2268 sqq.
794 2198 814 2244 «
829 2178 958 2246 Cratera
971 2174 1272 2272 lectitoegenitori
1289 2176 1323 2246 in

220 2309 337 2384 magno
361 2309 496 2362 munere
523 2290 652 2362 Cisseus
677 2293 774 2360 Ferre
800 2289 851 2361 sul
878 2292 1004 2361 dedeut
1027 2297 1275 2362 monumentum
1292 2299 1324 2360 ct

220 2406 338 2498 pignus
364 2405 496 2479 amoris.
527 2428 545 2474 »
571 2404 775 2498 lungendum
802 2413 880 2477 est:
911 2407 1037 2476 dederat
1064 2417 1192 2478 crotera
1211 2411 1324 2496 secere,-

220 2543 295 2593 nam
313 2541 425 2594 rerum
442 2519 532 2594 verbi
551 2520 712 2594 obiectum
728 2529 778 2592 cst
791 2533 930 2606 crotera,
949 2521 1004 2593 cni
1022 2542 1081 2614 per
1095 2522 1324 2594 hellenismum

219 2643 301 2729 [erre
332 2659 392 2730 pro
417 2640 581 2728 fereadum
611 2637 829 2730 subiungitur.
863 2637 909 2709 dl.
938 2621 1197 2718 coelementato
1215 2656 1261 2716 τήν
1278 2661 1326 2731 γῆν

219 2779 344 2849 γεωργεῖν.
360 2755 478 2827 Gallice
491 2755 588 2826 etiam
602 2754 739 2826 dicimus
759 2778 767 2824 :
787 2754 844 2826 «il
858 2753 904 2824 lui
921 2754 1005 2826 avait
1019 2753 1126 2827 donne
1141 2775 1206 2828 une
1221 2773 1325 2845 coupe

221 2873 432 2964 temporter.
454 2895 473 2941 »
496 2875 566 2943 Ilon
588 2871 700 2942 eadem
719 2879 770 2942 est
794 2869 944 2940 infinitivi
971 2880 1004 2942 et
1030 2871 1199 2964 gerundivi
1225 2871 1325 2963 signi·
1429 2897 1433 2908 ⁸

220 2986 337 3060 licatio.
357 2993 419 3059 Per
435 2987 649 3080 gerundivum
667 2986 754 3058 euiru
779 2985 978 3078 significatur
1003 2987 1162 3058 actionem
1189 2985 1279 3058 rerhi
1306 3007 1328 3057 a·

221 3125 285 3196 quo
304 3101 468 3174 derivetur
488 3103 699 3196 praecipuum
717 3121 789 3174 esse
809 3101 914 3173 dantis
932 3102 1136 3194 propositum
1160 3125 1170 3173 ι
1198 3124 1217 3170 «
1237 3100 1326 3174 dedit

221 3228 344 3291 cratera
372 3221 536 3308 [creceium
552 3241 571 3287 »
589 3244 634 3272 =
654 3216 743 3290 dedit
773 3226 810 3288 ut
836 3217 974 3289 serretur
1004 3240 1013 3302 ;
1043 3241 1063 3286 «
1090 3217 1179 3291 dedit
1203 3226 1327 3290 cratera

220 3339 303 3425 [eree
328 3357 348 3404 a
374 3373 420 3401 ω
445 3334 532 3406 dedit
562 3342 697 3418 cratera,
730 3353 827 3426 quem
851 3333 905 3406 ille
927 3333 984 3425 qui
1008 3343 1174 3428 acceperat
1200 3343 1327 3427 poterat

222 3469 333 3522 secum
351 3449 447 3521 lerre.
467 3453 504 3519 A.
524 3452 579 3533 lx,
599 3453 663 3521 362
683 3471 702 3516 «
720 3447 778 3518 Ille
795 3467 855 3519 suo
871 3449 1014 3520 moriens
1030 3451 1088 3520 dot
1106 3451 1166 3540 (sc.
1184 3450 1325 3544 cingula)

221 3569 332 3636 todem
357 3566 506 3654 nepoti.»
533 3567 571 3633 V.
600 3567 658 3635 265
693 3561 884 3635 «Loricam
912 3566 1009 3634 docet
1022 3567 1132 3637 leodem
1145 3568 1214 3637 etro
1228 3566 1327 3638 decus

223 3692 255 3754 at
271 3690 417 3753 tutamen
435 3679 470 3751 in
487 3677 597 3750 armis.
616 3682 688 3763 ull,
702 3682 760 3749 tot
781 3682 974 3772 «Armaque
987 3685 1091 3752 Lucae
1105 3681 1205 3754 donat
1218 3685 1329 3754 totae

223 3796 357 3868 umeris.
387 3819 405 3865 e
432 3799 501 3879 IIII,
522 3799 580 3866 all
611 3799 816 3886 «sceptrum
839 3797 985 3886 petrum
1005 3796 1094 3869 dedit
1107 3801 1328 3888 peoterclotc'·

223 3933 327 3982 occ.»
724 3937 726 3940 ⁴

269 4031 380 4100 detera
402 4023 500 4100 verba
525 4026 692 4099 transitiva
721 4045 796 4098 oum
813 4025 920 4098 dativo
950 4046 1108 4120 personae
1133 4026 1328 4120 acquirentis

226 4146 313 4239 apud
344 4150 439 4238 Verg.
468 4153 651 4218 constructa
672 4163 862 4217 enumcrare
897 4141 939 4216 sit
961 4146 1063 4218 salle:
1090 4145 1228 4230 recitem,
1259 4161 1329 4220 tra-

226 4266 314 4347 dere,
347 4267 446 4352 serre,
479 4266 614 4352 relecta,
649 4274 794 4352 pectore,
832 4262 966 4350 deferre,
1008 4265 1131 4352 effetae,
1172 4267 1329 4354 perferre,

226 4397 383 4469 spcrpece,
400 4381 547 4468 (somnos
570 4378 679 4468 tpdrie
708 4379 745 4447 Α.
765 4375 833 4459 VII,
854 4378 932 4464 753)
952 4415 993 4428 -
1010 4380 1175 4464 madere,
1197 4382 1329 4465 cudere,

227 4497 361 4576 mittere,
380 4496 547 4576 remittere,
575 4495 744 4576 demulceo,
763 4494 936 4574 concedere,
959 4496 1152 4584 promittere,
1175 4493 1330 4588 polliceri,

228 4611 494 4702 sponderetque
518 4615 634 4702 lotoe,
667 4625 808 4692 acuere,
833 4609 989 4692 emouere,
1018 4631 1137 4697 cocae,
1163 4613 1330 4699 desciuere,

1174 4755 1189 4802 e
