3528 5604
713 683 881 751 -57..

291 867 408 947 barbi,
429 866 560 952 effaebi,
576 866 611 932 A.
632 868 684 946 IV,
701 870 764 934 669
784 867 904 934 «crimes
918 867 1019 952 effusa
1037 864 1223 935 sacerdos.»
1239 870 1275 936 G.
1292 873 1345 953 IV,

247 985 312 1050 337
331 982 515 1050 «cesariem
531 983 646 1068 effusae
663 983 797 1049 amidam
817 1000 875 1070 per
902 979 1037 1049 eandida
1054 980 1136 1051 aella
1156 1004 1186 1050 u.
1209 987 1262 1066 ΙΙΙ,
1282 990 1346 1055 838

249 1114 266 1162 Ι
281 1100 373 1183 susas
387 1113 562 1185 propexam
578 1094 611 1162 iu
630 1104 759 1184 pectore
774 1097 915 1163 barbam.
933 1117 950 1161 »

290 1210 372 1280 Salvi
387 1231 395 1277 :
413 1211 449 1278 A.
467 1212 523 1292 ΙΙΙ,
541 1213 582 1278 66
607 1231 625 1276 ΙΙ
644 1209 758 1280 iliades
775 1212 892 1279 ariaem
921 1209 961 1280 de
988 1229 1079 1280 mare
1105 1212 1257 1281 sorarai»
1289 1215 1344 1296 ΙΙ,

247 1328 289 1393 36
312 1323 356 1393 id.
1245 1348 1248 1355 ·

289 1439 406 1520 Sambi,
421 1438 562 1507 abscindi
578 1462 588 1508 .·
602 1441 638 1507 A.
655 1442 709 1521 ΙΙΙ,
727 1443 790 1508 678
801 1461 819 1505 ΙΙ
833 1438 933 1510 saissa
947 1458 1083 1509 ramam.
1102 1462 1120 1506 u
1136 1438 1195 1526 (ci.
1212 1458 1343 1530 graece:

249 1571 377 1647 κειραμένη
396 1556 498 1646 κόμην.)
521 1559 574 1637 ΙΙΙ,
597 1560 660 1624 696
679 1555 866 1626 «flaventes
884 1555 1024 1625 abscissa
1042 1576 1157 1625 ramas.
1179 1577 1196 1622 »

288 1673 458 1760 imprimi:
475 1674 511 1739 A.
532 1675 584 1752 lv,
607 1674 670 1739 659
686 1693 704 1737 Ι
723 1691 757 1739 as
770 1673 921 1759 impressa
933 1678 1016 1742 tero.
1041 1693 1059 1737 »

287 1788 393 1856 urai:
408 1788 443 1854 A.
460 1790 590 1870 166Ιὸ
606 1808 623 1853 ΙΙ
639 1807 742 1856 uuum
755 1799 854 1856 emata
867 1788 974 1875 pedem
988 1786 1135 1857 vinulis.»
1154 1788 1200 1874 (=
1213 1785 1342 1875 calces).

286 1904 428 1982 Aeembi,
463 1904 598 1972 cremari
610 1887 626 1971 ⁴:
657 1906 693 1970 A.
716 1906 783 1984 VII,
801 1905 842 1971 76
858 1923 876 1969 ΙΙ
896 1902 1026 1972 Lavinia
1039 1902 1128 1995 virga
1143 1902 1213 1972 visa
1225 1923 1345 1971 ammam

242 2032 391 2089 armatum
416 2018 547 2088 flamma
566 2057 606 2068 -
625 2020 778 2098 aremari,
794 2017 983 2109 regalesque
999 2037 1129 2087 acemsa
1157 2038 1274 2099 emmas,
1290 2039 1345 2088 aa·

242 2154 335 2204 caasa
348 2156 506 2205 raramam.
525 2157 543 2201 »

285 2250 455 2321 Absaasri:
476 2255 544 2335 vll,
565 2255 663 2320 806«
692 2270 759 2321 nen
786 2249 841 2319 illa
865 2248 936 2320 eale
969 2289 1010 2300 -
1036 2248 1190 2320 semineus
1212 2251 1345 2320 abruma

241 2383 367 2434 mamas.
385 2389 403 2432 >›

284 2483 454 2552 Sabarai:
487 2487 539 2566 IV,
574 2488 638 2552 216
670 2479 851 2552 «Maeonia
877 2492 1016 2549 mearam
1047 2479 1143 2550 mitra
1165 2482 1342 2569 crinemque

242 2594 424 2667 madentem
435 2600 604 2668 subaremus.
623 2621 641 2665 »
1189 2689 1192 2694 Ι

285 2720 438 2806 Sabiaapi
452 2743 462 2788 .·
486 2723 522 2787 A.
538 2723 577 2798 ΙΙ,
594 2722 655 2787 ibi
669 2717 788 2808 puppis
803 2724 908 2787 rastra
922 2717 1092 2785 sabianam
1105 2717 1214 2784 leemas.

285 2834 342 2905 Hie
356 2843 463 2904 tamen
481 2833 661 2920 subieaium
687 2836 804 2924 puppis
819 2832 927 2923 patius
947 2832 1111 2923 passivum
1137 2831 1187 2901 vel
1217 2831 1345 2922 patiens

242 2950 423 3021 habendum
443 2959 503 3033 est,
530 2950 573 3020 ita
602 2959 638 3020 ut
661 2973 678 3018 ΙΙ
700 2950 818 3040 puppis
837 2948 1008 3020 subiuncta
1026 2948 1137 3018 leones
1157 2969 1175 3015 »
1195 2947 1281 3017 idem
1301 2948 1345 3018 sib

242 3064 327 3160 quad
341 3086 358 3132 Ι
371 3064 502 3155 puppis,
522 3064 573 3134 aui
593 3064 709 3156 aliquis
724 3064 834 3134 leones
854 3061 1031 3133 subiunxit.
1053 3084 1071 3129 »

284 3183 444 3250 iamiam:
466 3185 535 3263 ΙΙΙΙ,
561 3185 624 3249 666
640 3203 658 3247 Ι
674 3180 803 3249 Lavinia
819 3181 919 3248 crimes
939 3219 979 3229 —
1000 3187 1142 3266 etaemus
1161 3179 1297 3248 iamiam.
1321 3201 1342 3245 >r

285 3381 319 3446 4⁰
341 3377 471 3447 Ressexa
504 3376 606 3448 ianua
646 3376 803 3447 aetianam
838 3373 1005 3468 signifieat,
1043 3395 1140 3465 quem
1161 3374 1343 3445 subiectum
1464 3407 1468 3414 ·

242 3493 371 3584 quidem
394 3513 459 3563 uon
477 3493 546 3583 ipse
565 3491 699 3582 periibit,
730 3491 786 3561 sed
808 3491 983 3581 paralium
1009 3489 1237 3580 perficiendam
1252 3499 1343 3562 aurat

213 3665 217 3672 .
241 3610 290 3681 vel
307 3609 416 3701 perimi
432 3609 562 3699 petitur,
579 3629 617 3678 ea
633 3617 739 3678 tamen
758 3607 881 3679 ratione
899 3617 935 3678 ut
963 3607 1045 3678 aetia
1072 3606 1111 3676 ed
1132 3607 1267 3678 subiecti
1284 3629 1341 3679 va-

242 3727 396 3797 luntateui
414 3725 463 3796 vel
474 3726 543 3796 eius
558 3725 650 3795 iussu
664 3734 835 3818 peragatur
854 3734 950 3816 atque
975 3726 1019 3795 ita
1035 3725 1068 3794 iu
1091 3726 1271 3797 subiectum
1289 3746 1341 3796 re-

240 3843 395 3914 flectatur.
422 3842 539 3912 Eadem
569 3839 789 3932 significaram
820 3841 962 3911 madium
994 3841 1122 3913 Graecis
1150 3849 1339 3931 usurpatur,

240 3977 370 4050 Apama
390 3972 492 4047 nepam
524 3956 653 4047 proprie
683 3955 869 4048 signifieat:
903 3957 963 4027 sibi
1000 3966 1095 4048 eaput
1122 3956 1266 4039 tendere,
1291 3957 1342 4029 vel

240 4074 438 4144 tendendum
455 4094 577 4144 aurare.

281 4219 390 4306 Arripi
404 4241 414 4286 .·
430 4219 466 4285 A.
486 4221 513 4300 Ι,
532 4222 595 4285 579
615 4215 706 4285 «His
721 4218 865 4286 amimam
879 4219 996 4286 armati
1007 4217 1098 4287 dietis
1114 4239 1132 4284 »
1154 4219 1211 4303 (.-.-.
1226 4217 1343 4287 s’btaut

240 4333 335 4403 laissi
362 4332 502 4402 ranimer
526 4332 555 4402 Ae
574 4352 663 4401 eaeur
681 4352 740 4421 par
768 4351 820 4402 ees
850 4332 1003 4421 perolas).
1041 4332 1085 4401 ef.
1119 4336 1154 4401 A.
1182 4337 1251 4415 ΙΙΙΙ,
1277 4338 1334 4402 ibi

241 4474 257 4516 Ι
278 4469 426 4520 arrexere
439 4448 562 4519 animes
575 4449 645 4518 Itali
662 4471 679 4516 »
700 4447 900 4536 (=fuerunr
923 4448 1035 4519 arrecti
1054 4447 1191 4532 animas,
1224 4441 1343 4522 scilieet

239 4566 374 4658 auguria
389 4566 475 4656 quad
489 4566 662 4653 videraut.)

282 4683 425 4764 Cearati,
437 4684 584 4771 perrari·
600 4684 636 4760 A,
657 4685 694 4764 V,
713 4684 777 4751 869
799 4705 818 4749 Ι
838 4701 979 4773 casuque
1009 4683 1154 4768 amimam
1175 4703 1342 4768 remearem
1410 4777 1412 4784 y
