3540 5612
689 731 738 756 .-
753 695 827 774 {aas
840 731 891 752 Δ--

244 879 371 952 Ithacus
385 880 564 948 discemuue
579 889 678 950 tuum.
694 899 712 946 l
726 881 780 961 ΙΙΙ,
798 882 893 948 6696
913 884 969 952 aut
982 875 1233 968 grauioraztimet
1246 894 1344 967 quam

242 1009 339 1066 uurte
362 994 498 1066 Sichaoi.
516 1019 531 1058 »
548 998 585 1076 v,
605 999 657 1064 2«
678 993 796 1065 fluctus
815 1001 903 1067 atros
918 995 1064 1082 equitum
1080 991 1218 1064 secabat.
1248 1016 1263 1054 a
1290 995 1343 1072 til,

243 1116 338 1192 adep
360 1109 455 1201 quale
469 1108 552 1180 solet
564 1107 654 1178 silvis
668 1111 809 1178 trumuti
822 1111 941 1197 [ripere
959 1107 1084 1182 viscum
1100 1105 1225 1177 Fronde
1241 1104 1345 1177 uirere

239 1245 337 1296 nova.
358 1215 457 1305 ivri,
477 1229 541 1294 265
559 1251 575 1288 «
595 1227 740 1294 Discessu
753 1223 886 1315 *mugire
905 1223 1015 1297 hoves.
1034 1224 1078 1310 a(
1094 1259 1130 1288 ω
1149 1242 1222 1293 oum
1241 1220 1344 1292 disce-

244 1341 383 1429 derent.)
407 1340 452 1410 ef.
477 1343 516 1423 ΙΙ,
543 1343 606 1410 lla
630 1366 646 1404 e
673 1341 804 1410 elcessu
821 1337 992 1412 Rutulum.
1022 1341 1127 1426 “i-²
1144 1357 1218 1410 oum
1233 1336 1344 1408 errdi

243 1455 500 1544 abscessissent).
522 1458 591 1536 Vll,
612 1457 709 1523 tel«
731 1457 831 1525 medio
848 1453 912 1528 ianr
932 1452 1035 1526 noctis
1046 1453 1183 1528 abactae
1199 1455 1344 1526 emmau

244 1577 284 1642 te.
302 1598 317 1636 a
332 1576 395 1644 583
408 1598 424 1636 «
442 1571 520 1641 haec
534 1569 660 1662 genitor
671 1571 813 1658 diprmsu
826 1568 910 1640 diota
921 1588 1064 1659 semiue
1076 1566 1240 1644 lmmbar.
1259 1593 1274 1632 a
1286 1573 1342 1652 rx,

243 1692 306 1757 656
330 1713 346 1752 u
372 1685 521 1756 Mortales
538 1685 638 1752 medio
657 1704 796 1752 sermone
819 1681 962 1772 reliquit.
989 1708 1004 1744 a
1028 1685 1093 1754 667
1113 1709 1128 1747 u
1148 1684 1344 1772 pluvialibus

242 1805 359 1874 Haedis
382 1801 529 1871 verberat
550 1799 655 1872 imber
672 1797 820 1870 humum.
848 1823 864 1861 »
883 1802 937 1882 ΙΙΙ,
958 1801 1057 1876 ili«
1082 1798 1176 1890 [ugae
1192 1801 1303 1868 uudie.
1327 1823 1343 1860 a

241 1921 305 1988 899
321 1915 511 1986 «simultis
528 1917 621 1983 dictis
638 1913 805 2004 linquebat
820 1911 976 1990 ,hmanas
998 1937 1013 1976 a
1032 1915 1087 1996 ΙΙΙ,
1105 1917 1169 1990 996
1185 1939 1202 1977 «
1220 1911 1343 1986 aedua

242 2049 379 2121 -quae
394 2028 435 2100 sit
446 2047 565 2120 magno
580 2026 740 2098 sententia
754 2029 843 2096 letto.
866 2051 881 2090 s

284 2146 379 2236 uiuit,
400 2153 436 2218 ut
453 2144 531 2227 dixi,
559 2142 757 2234 Vergilianas
772 2142 898 2234 syntaxi
914 2141 1075 2234 peculiare
1093 2143 1180 2235 quod
1196 2141 1343 2217 adalla-

243 2261 297 2338 tivi
320 2259 476 2352 temporis
492 2278 590 2329 usum
604 2257 757 2349 pertinet.
776 2257 814 2329 Id
832 2265 940 2330 tamen
956 2257 1134 2334 notandum
1151 2265 1212 2340 est,
1233 2255 1344 2347 vergi-

243 2377 322 2448 lium
341 2396 407 2448 non
425 2375 532 2447 solum
552 2373 685 2445 nomina
710 2373 921 2465 temporalem
944 2375 1109 2474 notionem
1133 2374 1341 2458 continentia,
1476 2421 1479 2432 ·

244 2490 299 2562 sed
314 2498 346 2560 et
359 2488 496 2584 quodvis
511 2507 628 2559 nomen
654 2487 823 2578 temporali
849 2488 987 2561 ablativo
1003 2470 1201 2571 consudare,
1217 2487 1343 2577 hocque

241 2605 374 2695 paulum
391 2622 538 2694 aprosae
552 2602 707 2674 orationis
722 2603 933 2694 scriptoribus
950 2604 1143 2696 discrepare.

284 2720 447 2792 Poeticum
461 2728 522 2802 est,
538 2739 569 2788 v.
591 2740 623 2810 g.
639 2722 675 2788 Α.
694 2723 720 2802 Ι,
742 2723 838 2789 672«
861 2733 951 2794 tauto
968 2724 1098 2791 cerdiuc
1116 2741 1236 2791 rerum,
1258 2745 1272 2781 e
1293 2718 1338 2789 Gt.

241 2833 345 2905 Tibul.
365 2838 392 2917 1,
413 2839 445 2916 6,
465 2835 507 2903 79
535 2861 549 2896 e
577 2813 691 2903 uicere
709 2851 769 2902 nac
787 2853 867 2902 cuuo
884 2831 1056 2906 blanditias
1072 2836 1186 2924 comte.
1211 2859 1227 2896 »
1248 2834 1341 2921 (como

241 2971 310 3040 cup.
326 2957 500 3040 tempusa
517 2947 703 3018 adiunctum
721 2947 891 3040 designat;
911 2948 1053 3020 Gallice:
1076 2973 1094 3018 «
1110 2949 1188 3026 taire
1205 2948 1342 3019 l’amouc

241 3085 281 3136 on
295 3064 438 3136 chareus
451 3061 574 3139 blanos.
595 3084 613 3129 »
632 3067 664 3144 9,
685 3066 727 3131 25
746 3083 764 3128 «
785 3065 832 3131 En
851 3080 909 3154 ego
929 3083 1004 3134 oum
1018 3065 1148 3134 teuelris
1165 3071 1232 3135 tota
1244 3083 1343 3155 vagor

241 3182 354 3264 annius
381 3180 473 3251 urhe.
504 3203 523 3248 »
549 3185 582 3262 6,
603 3184 645 3249 59
668 3178 712 3249 id.
739 3183 881 3270 Propi,
904 3183 956 3263 67,
977 3185 1013 3252 ul
1039 3203 1058 3250 u
1087 3179 1146 3251 Illa
1167 3201 1232 3254 eaeo
1250 3200 1342 3252 caros

241 3299 392 3371 donasset
409 3300 517 3385 iuuere
535 3295 650 3366 crines.
671 3314 690 3363 u
715 3297 857 3386 (tempus
878 3305 912 3366 at
929 3313 1026 3368 eausa
1045 3296 1166 3368 simul:
1188 3317 1207 3366 u
1226 3297 1246 3368 a
1263 3296 1342 3368 l'oc-

241 3412 349 3484 cesion
367 3411 407 3482 de
420 3432 474 3488 ma
486 3419 582 3482 mort.
600 3412 633 3499 »l
648 3414 690 3482 93
710 3433 728 3478 <c
746 3408 800 3480 illa
816 3430 922 3481 meam
933 3425 1069 3484 extremo
1088 3414 1257 3486 clamasset
1267 3413 1342 3504 put-

241 3550 309 3598 eere
329 3511 458 3600 nomen
478 3551 497 3597 »
520 3533 573 3611 69,
592 3533 633 3596 69
652 3549 670 3594 «
692 3531 780 3609 Quae
798 3535 833 3598 tu
853 3527 917 3598 vita
934 3549 1003 3598 uuae
1021 3529 1128 3620 possis
1148 3529 1267 3602 sentire
1289 3532 1342 3616 [a

239 3646 326 3714 oilla.
348 3667 366 3714 >r
391 3647 450 3732 (ε
469 3664 542 3714 cum
562 3662 621 3734 ego
644 3652 792 3714 mortuus
810 3661 866 3714 ero
889 3651 921 3713 et
942 3643 975 3713 in
999 3643 1139 3716 favillam
1161 3644 1339 3734 redactus).

242 3764 334 3830 Lacr.
353 3764 380 3842 1,
403 3765 458 3829 686
483 3782 501 3827 «
520 3758 631 3831 Subito
645 3766 855 3829 exorerentur
872 3761 988 3830 lucerio
1002 3764 1104 3850 spurio
1118 3770 1215 3854 atque
1231 3764 1342 3832 9669669

239 3878 386 3964 pertitus
399 3874 486 3944 anni.
504 3898 522 3942 >l
541 3877 598 3956 ΙΙΙ,
619 3877 840 3955 illitterati,
861 3878 960 3944 360«
980 3879 1098 3966 [ruere
1118 3877 1205 3948 enim
1225 3877 1344 3950 desunt

242 3991 345 4082 ignes,
364 3991 513 4082 ventique
530 3993 633 4059 colore
652 3988 816 4060 deficiunt.
842 4012 860 4059 u

287 4104 464 4198 Aliquando
486 4113 615 4196 tempus
635 4124 699 4196 quo
717 4104 838 4196 aliquid
857 4105 894 4176 iit
916 4107 1074 4198 (quando)
1098 4129 1156 4199 per
1174 4127 1286 4200 praep.
1309 4111 1343 4178 iu

244 4221 404 4292 ueletiam
423 4219 517 4291 aliam
538 4239 664 4311 praep„
683 4223 751 4299 sud,
771 4239 855 4302 euru,
873 4223 920 4301 de,
940 4223 1136 4315 designatur.
1153 4227 1278 4308 6.·ΙΙΙ,
1300 4229 1343 4294 87

245 4360 263 4404 «
280 4341 342 4408 Sui
353 4351 439 4407 ueete
448 4337 565 4408 silenti.
581 4360 599 4405 »
615 4337 659 4407 id.
673 4341 726 4420 IV,
740 4341 815 4407 997.
832 4339 930 4410 Paulo
942 4339 1025 4410 inira
1037 4349 1145 4415 tamen
1161 4346 1224 4412 699
1240 4363 1258 4408 e
1274 4346 1342 4412 Mo·

245 4451 395 4542 situsque
407 4453 510 4522 sileuti
520 4465 606 4521 ructa
618 4450 756 4522 datos.»
777 4456 815 4534 X,
831 4456 894 4522 697
920 4451 1341 4547 «ressurrecturum»

245 4572 297 4651 Vl,
317 4575 380 4639 968
397 4592 415 4637 «
432 4570 500 4641 s'ola
516 4572 682 4639 suiuocre.
704 4592 723 4636 a
744 4571 811 4652 Vll,
834 4575 874 4639 66
893 4593 911 4638 «
932 4591 1003 4641 sera
1019 4574 1077 4642 sud
1095 4585 1192 4644 uerte.
1214 4591 1233 4640 l
1252 4576 1339 4655 Quae

245 4683 286 4755 sit
303 4683 383 4769 ratio
402 4685 593 4758 diversitatis
612 4684 770 4775 explicaro
787 4705 852 4759 non
872 4687 1007 4778 possim,
1031 4687 1093 4768 uisi
1117 4688 1196 4765 torte
1217 4688 1340 4770 intelle-

1037 4913 1047 4954 l
