3528 5604
840 1883 899 1939 Du
937 1881 1165 1942 Guuurlvo
1237 1923 1240 1932 ·

503 2295 520 2339 u
545 2271 726 2354 Genetivus,
748 2271 792 2341 ait
804 2271 988 2342 uoltziusdt
1009 2271 1036 2341 is
1051 2281 1101 2342 est
1115 2291 1208 2342 casus
1227 2272 1366 2342 nominis
1384 2271 1439 2362 qui
1459 2271 1554 2342 aliam

459 2386 623 2457 notionem
639 2387 845 2471 nominalem,
863 2387 952 2457 nulla
964 2386 1026 2456 alia
1037 2407 1113 2458 voce
1125 2387 1351 2468 intercedente,
1369 2385 1555 2456 sibiadiuu-

459 2500 515 2592 git,
532 2509 563 2572 et
577 2501 620 2570 ita
633 2501 762 2591 quidem
779 2510 815 2572 ut
827 2502 991 2592 recepiens
1004 2521 1075 2572 eam
1090 2501 1173 2571 intra
1186 2501 1266 2572 fines
1280 2521 1369 2584 suos,
1387 2509 1442 2570 aut
1454 2501 1555 2592 sigui-

458 2615 558 2686 ficaus
573 2615 604 2685 id
619 2616 705 2706 quod
722 2615 756 2685 in
776 2616 830 2686 illa
849 2617 978 2688 notione
998 2617 1092 2700 inest,
1113 2616 1269 2686 ambitum
1288 2616 1358 2686 eius
1376 2615 1506 2687 definiat
1522 2623 1556 2686 et

459 2739 652 2802 coerceat.»

502 2850 547 2917 lla
559 2841 743 2917 definitione
754 2867 818 2918 non
831 2847 1011 2919 excluditur
1023 2847 1188 2940 genetivus
1201 2867 1274 2918 cum
1284 2846 1389 2917 verbis
1401 2847 1554 2918 coniunc-

459 2972 534 3045 tus;
560 2981 635 3032 nam
654 2961 687 3030 in
705 2961 811 3032 verbis
828 2961 911 3032 inest
940 2961 1028 3033 notio
1047 2961 1218 3032 nominalis
1240 2981 1280 3031 cx
1298 2981 1363 3051 qua
1389 2961 1554 3052 genetivus
1588 3042 1591 3046 ,

459 3075 602 3167 pendet;
631 3079 759 3146 munior·
783 3112 831 3136 =
853 3096 978 3148 memor
1002 3097 1075 3147 sum
1101 3076 1152 3146 vel
1174 3076 1361 3146 memoriam
1393 3085 1497 3159 teneo,
1523 3084 1555 3146 et

459 3190 581 3262 notioni
595 3191 747 3262 nominali
764 3213 880 3261 mmor
895 3191 928 3260 in
943 3191 1039 3263 verbo
1053 3192 1195 3263 inclusae
1211 3191 1362 3270 adhaeret
1375 3191 1552 3284 genetivus,

459 3305 515 3397 qui
534 3326 605 3376 eam
622 3305 732 3378 definit
749 3315 781 3378 et
798 3315 932 3378 coercet.
1260 3305 1263 3311 ’

502 3424 571 3491 Non
600 3421 664 3490 iam
683 3420 780 3512 igitur
805 3422 969 3513 genetivus
991 3422 1031 3492 ad
1051 3421 1250 3506 obiectivam,
1279 3421 1336 3492 sed
1358 3422 1398 3492 ad
1419 3421 1554 3492 attribu-

434 3536 557 3634 tivam
586 3536 812 3608 enuntiationis
838 3538 1024 3609 relationem
1055 3537 1213 3629 pertinet;
1251 3535 1441 3607 substantivi
1468 3537 1554 3607 cuim

461 3650 636 3734 notionem,
651 3652 756 3742 quoad
770 3651 955 3743 qualitatem
968 3653 1016 3723 vel
1032 3652 1242 3722 substantiam
1257 3651 1407 3734 nominis,
1421 3651 1553 3742 propius

461 3765 582 3848 definit,
603 3776 697 3857 atqua
722 3768 766 3838 ita
787 3768 961 3838 attributivi
981 3767 1125 3839 adiectivi
1151 3767 1200 3837 vel
1220 3767 1431 3858 appositionis
1448 3776 1553 3859 partes

461 3881 553 3973 gerit,
573 3881 617 3952 ita
633 3891 669 3951 ut
680 3882 744 3952 duo
758 3883 937 3953 nominales
950 3884 1097 3954 notiones
1113 3883 1146 3952 in
1165 3903 1263 3953 unam
1281 3882 1470 3954 coalescant.

504 3997 550 4061 Ex
562 3991 621 4062 hac
633 3992 773 4084 generali
789 3993 918 4064 notione
942 3995 1050 4064 omnia
1074 3994 1210 4086 genetivi
1229 4013 1347 4085 genera
1364 3994 1551 4084 procedunt,

383 4128 385 4134 ’
463 4123 601 4193 quorum
614 4122 679 4173 uon
692 4103 799 4174 omnia
810 4103 956 4194 exempla
968 4105 1127 4196 colligam.
1144 4109 1224 4174 Eum
1239 4105 1324 4175 enim
1340 4105 1444 4177 solum
1459 4125 1553 4197 geno-

462 4218 517 4289 tivi
530 4239 625 4289 usum
644 4218 798 4312 attingere
811 4219 891 4290 mihi
907 4221 1073 4311 proposui,
1090 4241 1186 4311 quem
1201 4242 1274 4291 cum
1286 4230 1465 4312 poetarum,
1486 4229 1553 4292 tum

462 4334 590 4428 Vergilii
603 4335 769 4426 proprium
783 4335 922 4426 repperi.

491 4662 521 4718 (l)
534 4661 617 4716 lloltrc.
628 4661 727 4719 Srutaxie
736 4661 851 4724 puteorum
861 4661 940 4719 script.
950 4663 970 4717 l.
978 4675 999 4719 p.
1010 4663 1056 4709 ³18·
