3540 5612
648 712 842 782 -235-

195 896 321 966 nullum
339 894 468 966 accedat
489 892 679 964 attributum
699 891 867 964 deliniens.
892 891 955 962 Cic.
981 897 1074 964 Tusc.
1096 898 1132 976 V,
1158 899 1212 977 35,
1234 901 1305 965 loo

197 1035 214 1078 «
234 1011 285 1082 bis
300 1014 338 1081 io
364 1013 412 1080 die
444 1017 590 1086 saturum
608 1007 690 1080 lieri.
720 1032 739 1076 u
761 1013 854 1100 Verg.
886 1013 922 1077 ll.
942 1012 999 1091 ΙΙΙ,
1021 1015 1040 1077 5
1059 1030 1077 1076 a
1096 1009 1155 1080 llic
1172 1010 1296 1081 alienus

196 1148 271 1198 oves
289 1135 398 1198 eustos
417 1125 466 1196 bis
485 1125 608 1216 mulget
626 1127 660 1194 ie
676 1127 769 1194 horo.
791 1147 809 1192 >›
828 1129 921 1216 Verg.
942 1131 1050 1194 autem
1067 1144 1178 1216 praep.
1200 1125 1296 1196 omit-

195 1245 257 1315 tit:
279 1249 314 1314 ll.
331 1248 373 1326 ΙΙ,
396 1247 438 1314 la
457 1242 572 1312 «Bina
589 1241 772 1312 die-siccant
790 1239 938 1311 ubera.»
957 1245 993 1310 ll.
1014 1245 1071 1324 ΙΙΙ,
1088 1246 1130 1311 el
1145 1265 1163 1310 «
1179 1242 1297 1334 Bisque
1351 1309 1355 1316 .

195 1363 243 1430 dle
261 1367 432 1430 numerant
450 1357 544 1430 ambo
559 1377 669 1448 pecus.
688 1365 710 1426 u
721 1359 757 1426 h.
773 1360 828 1440 ΙΙΙ,
847 1359 911 1426 397
930 1359 1051 1438 «Quos
1070 1356 1158 1428 mille
1172 1359 1221 1427 die
1234 1357 1296 1429 sub

195 1474 416 1547 Tartaramisi
435 1497 453 1544 v>
473 1477 529 1562 (=
542 1493 609 1544 uno
631 1473 695 1558 die,
716 1473 814 1544 unius
834 1472 896 1544 diei
916 1472 1045 1564 spatio).

238 1597 283 1661 lla
297 1590 535 1682 praepositione
549 1588 670 1660 omissa
686 1588 882 1661 constructio
900 1597 1068 1678 poetarum
1082 1595 1131 1660 est
1143 1598 1175 1660 et
1188 1610 1208 1659 a
1220 1610 1295 1680 pro-

196 1726 251 1777 sae
268 1703 421 1778 orationis
438 1719 564 1775 ¹norma
592 1703 707 1775 aliena.
728 1707 804 1776 Cato
825 1703 914 1774 solus
937 1724 1048 1795 praep.
1079 1703 1201 1774 omissa
1220 1704 1297 1776 dicit

194 1827 234 1892 R.
259 1826 297 1891 R.
329 1823 392 1890 l57
416 1842 434 1888 «
459 1819 509 1890 bis
532 1822 580 1889 die
602 1839 688 1911 aqua
716 1819 819 1890 calida
839 1819 944 1890 loveto
966 1843 1014 1902 u;
1042 1819 1099 1890 sed
1121 1819 1175 1890 ille
1199 1821 1295 1891 etiam

195 1958 305 2028 praep.
327 1936 452 2007 adicere
471 1935 554 2007 solet
572 1939 612 2006 ll.
627 1940 668 2005 R.
688 1941 767 2005 56'«
789 1934 839 2004 bis
857 1936 893 2004 iu
905 1937 965 2004 die.
986 1943 1082 2006 nete.

237 2055 367 2128 Nullum
399 2052 643 2144 praepositisnis
668 2055 704 2124 do
730 2062 860 2144 tempus
889 2051 1076 2145 designante
1110 2053 1294 2145 exemplum

193 2170 278 2260 apud
296 2169 470 2262 Vergilium
489 2168 609 2240 iuveni.

410 2606 414 2613 .
480 2553 549 2638 §h
571 2589 612 2601 -
631 2545 1003 2632 hnurrrvus'msouurus.

206 2859 210 2866 '
237 2859 315 2924 Cum
342 2853 520 2924 enuntiatio
539 2852 729 2924 secundaria
755 2871 851 2922 suum
871 2851 1051 2923 subiectum
1074 2849 1181 2933 habet,
1207 2849 1294 2940 quod

193 2989 258 3040 non
274 2969 306 3038 in
322 2967 490 3059 principali
504 2967 723 3040 enuntiatione
736 2974 893 3048 versatur,
913 2973 990 3035 tunc
1007 2964 1223 3036 nominativus
1238 2984 1294 3034 su-

193 3083 287 3154 biecti
304 3091 447 3154 mutatur
470 3083 503 3154 in
525 3083 711 3166 ablativum,
742 3082 793 3153 cui
821 3091 853 3152 et
879 3080 1081 3172 participium
1104 3081 1136 3150 in
1156 3078 1294 3149 ablativo

193 3198 396 3290 adiungitur,
409 3219 491 3289 quae
511 3199 707 3270 constructio
725 3198 819 3289 vulgo
836 3205 967 3268 vocatur
988 3197 1146 3266 ablaticus
1169 3197 1295 3265 obsolu-

193 3330 255 3388 tus.
273 3314 345 3385 Sic:
371 3316 507 3385 Arhtldc
522 3316 635 3404 patrio
644 3315 747 3404 pulso,
767 3316 904 3385 Graecos
925 3312 1068 3404 aggressi
1088 3319 1165 3383 sunt
1179 3317 1295 3404 Persae

195 3465 235 3489 =
254 3451 327 3502 oum
345 3432 398 3500 Ar.
420 3430 523 3520 patria
541 3430 656 3522 pulsus
674 3438 771 3514 esset,
793 3439 853 3501 etc.

235 3543 398 3616 ablativus
416 3564 492 3615 vero
517 3545 551 3614 in
578 3545 677 3627 latina
690 3545 800 3638 lingua
814 3545 1019 3636 potissimum
1034 3543 1110 3614 huic
1127 3549 1294 3614 construo·

187 3659 271 3730 tioni
289 3658 428 3750 eligitur,
449 3659 536 3749 quod
555 3659 607 3730 hic
624 3677 730 3750 'casus
755 3660 850 3731 etiam
869 3659 938 3731 sine
956 3651 1136 3751 participio,
1164 3657 1294 3728 easdem

193 3773 389 3848 adverbiales
407 3774 579 3846 relationes
597 3769 763 3879 temporie,
780 3795 895 3847 causae
914 3783 974 3846 etc.
993 3773 1159 3865 exprimit.
1176 3776 1296 3844 Graeca
1408 3793 1409 3798 ¹

193 3889 302 3981 lingua
319 3890 500 3980 genetivum
521 3891 662 3974 adhibet,
690 3892 722 3962 in
742 3912 806 3982 qua
824 3891 989 3983 genetivus
1006 3889 1175 3960 absolutus
1189 3887 1294 3978 quali-

192 4005 320 4076 tativam
342 4005 440 4075 totius
454 4006 683 4078 enuntiationis
698 4006 917 4078 definitionem
933 4003 1106 4097 exprimit„

214 4163 217 4168 -
235 4123 319 4208 Haec
332 4140 408 4192 vero
426 4120 643 4193 denominatio
661 4124 832 4210 (obtutibus
849 4123 1023 4208 obsolmm)
1044 4139 1110 4190 non
1128 4125 1213 4188 reeta
1230 4124 1290 4188 est.

192 4238 261 4305 Non
275 4235 361 4305 enim
376 4256 434 4326 per
449 4257 484 4307 se
501 4246 564 4307 stat
583 4237 636 4308 ille
654 4258 748 4308 casus
766 4257 870 4328 neque
888 4236 1033 4308 aceteris
1048 4233 1203 4305 enuntiati
1218 4252 1293 4322 par-

99 4354 102 4362 '
192 4349 278 4420 tibus
302 4351 491 4444 emungitur,
517 4353 572 4423 sed
596 4362 707 4425 eontra
733 4353 895 4424 artissimo
921 4349 1122 4445 cogitationis
1151 4347 1291 4430 vinculo,

193 4466 275 4536 sicut
286 4473 317 4536 et
331 4467 427 4538 ceteri
445 4489 551 4551 casus,
572 4490 645 4540 cum
660 4469 841 4560 praedicato
860 4467 1065 4560 coniungitur
1079 4474 1112 4536 et
1130 4463 1290 4535 cohaeret.

191 4586 313 4652 llomen
324 4591 431 4654 tamen
446 4585 683 4656 excusationem
696 4585 804 4667 habet,
820 4585 907 4676 quod
922 4585 950 4654 si
963 4584 1016 4654 ille
1028 4602 1122 4654 casus
1137 4579 1177 4650 ab
1189 4601 1292 4650 enun-

176 4689 333 4772 tiationis
355 4721 490 4792 corpore
513 4702 702 4786 detrahitur,
722 4703 917 4776 constructio
936 4721 1002 4774 non
1022 4698 1231 4772 disturbatur.
1253 4701 1292 4769 Ut

1027 4911 1038 4946 b
