3528 5604
934 623 1107 692 ...20-

505 807 551 876 lla
577 803 676 898 igitur
699 802 760 876 luit
784 801 914 897 Vergilii
933 823 1033 898 opera
1054 811 1092 874 ut
1123 821 1197 874 cum
1226 801 1259 872 in
1284 801 1414 892 linguae
1442 797 1584 870 thesau-

461 938 535 990 rum
548 917 680 1011 antiqua
692 917 882 1002 reuocando,
898 936 1013 1010 graeca
1024 915 1219 1000 inducendo,
1235 925 1305 986 tum
1315 935 1399 987 noua
1408 911 1580 1006 lingendo,

461 1033 640 1105 orationem
656 1033 696 1103 ed
715 1033 878 1124 poeticum
892 1051 990 1103 nsum
1010 1031 1181 1104 effinxerit.
1205 1030 1326 1122 Lingua
1341 1031 1429 1101 enim
1454 1033 1583 1099 Roma-

462 1168 514 1231 na,
535 1147 657 1240 optime
676 1147 716 1218 nd
744 1146 962 1239 eloquentiam
989 1154 1022 1217 et
1046 1144 1270 1237 quotidianum
1299 1144 1454 1237 loquendi
1477 1163 1583 1212 usum

462 1263 715 1346 accommodata,
738 1282 804 1333 non
824 1281 863 1333 ea
893 1270 961 1332 erat
978 1282 1061 1353 quae
1079 1261 1187 1332 mollis
1207 1261 1391 1352 cadensque
1409 1259 1583 1351 ingenium

460 1388 575 1471 poetae
594 1387 796 1472 sequeretur.
817 1381 887 1448 llon
914 1371 959 1448 ita
988 1378 1029 1448 ad
1045 1377 1171 1468 poesim
1196 1376 1384 1449 tractabilis.
1407 1376 1504 1446 Cuius
1531 1373 1584 1444 rei

462 1515 560 1568 causa
578 1495 612 1566 iu
631 1514 670 1566 eo
686 1494 861 1576 invenitur,
882 1493 970 1583 quod
988 1494 1127 1565 Romani
1150 1513 1216 1564 non
1241 1513 1280 1565 eo
1300 1491 1499 1584 spectabant.
1518 1489 1582 1559 llli-

463 1631 536 1683 rum
552 1611 585 1682 in
604 1610 738 1682 modum
755 1609 845 1679 illam
864 1608 1023 1701 Vergilius
1043 1609 1167 1680 inllexit
1183 1617 1215 1680 et
1233 1607 1274 1680 ad
1294 1629 1391 1680 suum
1409 1607 1583 1700 ingenium

463 1725 659 1798 informavit.
674 1728 744 1797 Non
764 1725 871 1796 solum
896 1724 983 1794 enim
1007 1724 1138 1816 inopem
1156 1733 1189 1797 et
1214 1725 1351 1818 rigidam
1369 1723 1463 1796 novis
1482 1743 1582 1794 uoca-

464 1843 550 1914 bulis
569 1843 692 1926 ditarit,
713 1842 801 1934 quod
815 1850 847 1913 et
860 1841 969 1913 Cicero
994 1842 1060 1912 iam
1073 1843 1203 1926 lecerat,
1220 1827 1277 1913 sed
1292 1850 1323 1913 et
1341 1863 1443 1914 nouas
1461 1839 1582 1912 verbo-

464 1979 537 2028 mm
562 1959 819 2030 constructiones
844 1965 918 2028 ante
936 1957 1046 2048 ipsum
1073 1958 1242 2029 inusitatas
1269 1958 1400 2041 intulit;
1425 1977 1525 2028 novas
1548 1966 1582 2026 et

464 2073 571 2144 verbis
598 2074 745 2145 notiones
771 2071 919 2155 subiecit,
949 2092 1032 2164 quae
1052 2082 1128 2164 post
1150 2094 1225 2145 enm
1244 2075 1492 2144 immanserunt.
1515 2071 1581 2142 Sed

464 2189 666 2260 haecomnia
683 2189 862 2280 prudenter
892 2197 924 2259 et
946 2209 1054 2279 parce,
1082 2191 1126 2260 ita
1143 2199 1180 2261 nt
1198 2189 1320 2282 lingua,
1350 2190 1458 2280 ipsum
1487 2189 1581 2279 inge-

464 2305 555 2375 nium
570 2326 716 2390 servans,
736 2306 833 2397 paula
846 2314 973 2376 tantum
988 2306 1160 2378 llenibilior
1172 2316 1204 2378 et
1220 2308 1261 2378 ad
1278 2307 1448 2379 scribentis
1462 2305 1581 2377 uolun-

463 2431 563 2492 tatem
583 2421 717 2494 docilior
735 2423 803 2495 fiat.

508 2542 549 2608 Ut
561 2537 649 2629 apud
663 2539 849 2612 Ciceronem
869 2562 980 2634 prosa,
1001 2541 1048 2612 sic
1065 2541 1152 2634 apud
1171 2542 1347 2634 vergilium
1366 2540 1578 2634 poeticaora-

464 2651 510 2724 tio
534 2653 676 2745 perlecta
699 2656 833 2729 omnino
852 2666 884 2729 et
904 2657 1056 2749 absoluta
1085 2677 1157 2728 sese
1183 2657 1347 2749 expandit.
1370 2658 1461 2728 Unde
1479 2665 1576 2738 recte,

464 2767 573 2852 credo,
590 2768 727 2841 direrim
741 2792 780 2843 ex
794 2772 946 2844 Cicerone
960 2781 992 2844 et
1006 2772 1143 2866 l'ergilio
1161 2773 1270 2865 legum
1286 2772 1430 2844 codicem
1450 2773 1578 2863 excerpi

465 2905 574 2978 posse,
603 2887 723 2979 quibus
750 2889 850 2959 latina
873 2890 995 2982 lingua,
1025 2889 1284 2973 Romana'lacta
1312 2890 1377 2960 iam
1408 2910 1496 2961 nunc
1526 2910 1578 2960 re-

465 3000 570 3094 genda
583 3002 741 3075 rideatur.
758 3009 868 3097 Neque
885 3006 993 3077 solnm
1017 3005 1163 3098 syntaxis
1188 3005 1276 3098 leges
1294 3007 1397 3077 aereis
1422 3007 1516 3097 quasi
1530 3016 1579 3076 ta-

465 3117 552 3190 bulis
563 3118 760 3212 defiguntur,
777 3121 876 3193 sedet
889 3121 1063 3194 verbomm
1077 3122 1251 3195 thesaurus
1264 3122 1457 3213 completur,
1471 3142 1578 3212 neque

465 3231 530 3303 iam
548 3235 768 3324 posterIorum
799 3246 941 3308 aetatum
972 3236 1146 3328 scriptores
1178 3235 1369 3328 quidquam,
1390 3236 1454 3307 nisi
1477 3257 1577 3328 qnae-

466 3348 541 3418 dam
555 3368 595 3419 eu
613 3370 727 3442 graeco
747 3351 835 3423 fonte
854 3353 1008 3436 derivata,
1025 3361 1058 3423 et
1080 3352 1120 3424 ad
1145 3353 1429 3445 grammaticorum
1453 3373 1576 3424 sermo-

465 3481 541 3533 nem
568 3466 785 3550 accomodata,
817 3467 1056 3538 immutandum
1083 3477 1139 3538 aut
1169 3466 1356 3539 novandum
1379 3466 1573 3538 habuerunt.

421 3575 424 3584 ¹
465 3583 581 3650 Poetae
600 3601 676 3652 vero
703 3602 817 3654 omnes
846 3583 976 3675 Vergilii
998 3583 1178 3655 locutiones
1209 3593 1243 3656 et
1272 3583 1428 3655 formulas
1460 3584 1575 3654 iterum

465 3697 671 3786 protulemnt
688 3707 719 3770 et
738 3700 800 3771 sibi
819 3700 1034 3785 vindicarunt,
1063 3702 1156 3793 quasi
1175 3701 1265 3772 nulla
1282 3701 1345 3773 alia
1358 3701 1463 3793 possit
1488 3702 1574 3772 inve-

465 3811 528 3882 niri
555 3810 661 3884 forma
692 3816 848 3888 orationis
878 3818 1065 3908 perfectior,
1098 3839 1164 3909 qua
1189 3819 1353 3910 poeticum
1382 3837 1512 3889 carmen
1536 3817 1576 3887 sit

464 3925 679 3999 induendum.
701 3931 788 4003 Adeo
819 3940 856 4003 ut
886 3933 986 4004 series
1004 3942 1173 4025 poetarum
1193 3934 1361 4015 exstiterit,
1391 3933 1447 4024 qui
1474 3935 1518 4003 ita
1542 3953 1574 4004 se

465 4042 619 4116 imitando
642 4046 781 4138 Vergilio
805 4046 1010 4132 addixerunt,
1027 4058 1064 4120 ut
1089 4049 1185 4143 vulgo
1196 4052 1506 4140 pseudo-Vergiliani
1519 4071 1573 4120 uo-

465 4172 589 4232 centur.
606 4166 668 4234 Nec
683 4164 789 4236 solum
814 4175 941 4257 poetae,
963 4166 1130 4240 sedetiam
1149 4168 1294 4243 historici
1314 4169 1500 4260 scriptores,
1525 4169 1572 4238 Li-

464 4275 537 4348 vius
550 4278 711 4371 inprimis,
734 4282 910 4373 avergilio
934 4282 1088 4373 loquendi
1108 4284 1264 4355 formulas
1283 4284 1316 4353 in
1336 4273 1429 4356 sdam
1458 4286 1571 4356 oratio-

465 4410 540 4462 nem
558 4403 760 4486 receperunt.
777 4400 887 4488 lleque
905 4396 938 4467 id
965 4398 1097 4468 mirum.
1127 4397 1289 4470 Historiae
1307 4399 1394 4470 enim
1418 4401 1519 4471 oratio
1534 4399 1569 4469 ab

464 4508 606 4580 oratorio
625 4531 742 4601 genere
759 4511 920 4604 discrepat
936 4531 1074 4604 eamque
1092 4514 1195 4606 magis
1225 4513 1265 4584 ad
1289 4516 1452 4605 poeticum
1472 4535 1568 4607 genus

465 4622 615 4696 accedere
625 4611 842 4708 Quintilianus
855 4628 942 4711 aith,
952 4633 965 4699 l
976 4632 1027 4713 ‚3l
1043 4652 1051 4700 :
1066 4634 1149 4702 «Est
1160 4629 1415 4720 enimlhistoria)
1428 4631 1581 4721 proxima·
