3540 5612
672 682 714 702 ·-
737 645 802 716 686
825 679 875 712 -ι,

215 847 284 898 vore
302 827 423 900 nubem
442 828 628 920 glomerari.
658 851 676 896 n
703 833 766 898 t05
793 851 811 898 o
839 833 900 899 Per
918 827 994 916 ‚pice
1012 831 1172 896 torrentes
1191 832 1326 916 atroque

211 929 368 1037 'voragine
386 945 485 1037 ripas.
507 969 525 1014 »
546 951 610 1016 868
628 968 646 1013 n
666 945 746 1016 Bina
763 945 880 1036 pocula
896 963 979 1016 coro
995 941 1147 1034 perlecta.
1169 945 1244 1024 ull,
1263 946 1326 1011 t38

216 1084 235 1128 «
256 1060 365 1130 Crines
396 1063 484 1130 motti
511 1060 673 1131 subnectit
701 1040 1057 1140 circumspicienti,
1085 1061 1150 1126 3l3
1177 1079 1195 1130 s
1223 1059 1327 1139 Quam

215 1181 304 1249 tereti
323 1176 484 1250 subnectit
500 1175 602 1248 fibula
619 1197 751 1266 pemmo.
773 1200 791 1245 »
814 1176 873 1247 Hic
891 1185 999 1262 tamen
1020 1193 1137 1246 sensus
1156 1193 1221 1244 nou
1241 1172 1327 1242 idem

215 1301 373 1375 remanet,
396 1300 495 1383 prout
512 1292 576 1364 abl.
594 1313 716 1380 pemmo
734 1292 902 1363 materiam
922 1291 972 1362 vel
999 1291 1251 1362 instrumentum
1272 1309 1328 1359 en-

215 1407 339 1497 primit.
370 1407 403 1476 Si
429 1406 610 1489 materiam,
637 1406 770 1477 libulam
791 1407 950 1499 significat
974 1426 1103 1498 gemma
1117 1403 1284 1495 distingui,
1301 1403 1329 1473 si

216 1523 483 1607 instrumentum,
504 1515 633 1615 gemma
651 1524 722 1614 ipsa
744 1523 906 1595 subnectit
934 1522 1120 1614 pharetram
1149 1522 1195 1610 (le
1223 1520 1330 1612 pierre

218 1649 285 1711 sert
303 1641 343 1711 de
361 1641 510 1729 houton).
538 1645 576 1724 Χ,
606 1644 670 1710 786
686 1663 703 1707 «
719 1640 837 1711 Orbem
854 1660 925 1710 oere
940 1659 1055 1712 cauum
1070 1639 1201 1729 triplici.
1225 1659 1243 1704 »
1257 1639 1327 1718 XII,

217 1761 282 1826 676
307 1785 322 1824 α
350 1761 428 1829 Ecce
445 1766 553 1828 autem
571 1761 710 1848 flammis
728 1797 770 1808 -
789 1755 933 1828 undabat
956 1764 1065 1827 vertex
1084 1777 1103 1824 a
1124 1786 1165 1812 ==
1184 1753 1331 1825 llamma-

217 1893 291 1944 rum
312 1897 321 1942 :
342 1872 420 1944 haee
443 1873 530 1946 euim
549 1881 585 1943 ut
602 1873 635 1944 in
652 1893 751 1964 prosa
770 1872 916 1946 oratione
935 1872 1031 1943 solita
1049 1869 1259 1942 constructio.
1281 1866 1327 1939 Cl.

219 1994 283 2060 668
304 1989 421 2060 strictis
436 1991 665 2080 segesotsibos
679 1975 724 2058 4:-
740 1989 882 2060 ensium.
898 1993 938 2072 X,
953 1993 1018 2058 636
1038 2011 1056 2056 o
1075 1992 1157 2057 Tum
1174 1985 1235 2056 dea
1250 1987 1332 2054 nobe

218 2127 299 2176 occo
314 2114 445 2176 tenuem
464 2106 534 2176 sine
554 2105 677 2177 viribus
691 2105 843 2178 umbram
862 2129 881 2174 »
912 2107 926 2184 t
937 2139 979 2172 ιτ,
999 2102 1149 2174 umbram
1178 2122 1217 2172 ox
1244 2100 1332 2172 nube

219 2225 447 2311 constantem).
467 2226 521 2304 XI,
539 2225 603 2292 896
617 2244 636 2290 «
651 2225 767 2292 Robore
784 2223 867 2292 doro
885 2221 1049 2312 stipitibus
1063 2220 1186 2292 serrum
1201 2219 1332 2290 imitan-

220 2348 284 2410 tur.
300 2363 318 2409 n

263 2451 427 2542 Materiam
443 2489 502 2562 per
519 2490 630 2562 praep.
647 2472 694 2553 de,
714 2491 754 2538 ooo
768 2469 927 2561 Vergilius
945 2468 1042 2540 otiam
1059 2467 1221 2560 exprimit.
1244 2471 1333 2537 Tunc

221 2585 318 2656 ablat.
345 2605 411 2656 non
442 2585 506 2654 iam
533 2585 800 2667 instrumentum,
824 2584 881 2656 sed
900 2584 1010 2675 potius
1032 2583 1203 2675 originem,
1224 2582 1333 2653 locum

220 2701 319 2783 unde,
339 2701 491 2792 exprimit
508 2710 540 2772 ct
558 2701 598 2772 ad
617 2700 793 2772 ablativum
812 2700 981 2791 proprium
1002 2699 1192 2771 relerendus
1211 2708 1273 2770 est.
1293 2702 1330 2768 G.

221 2822 278 2901 ΙΙΙ,
300 2822 341 2887 63
360 2841 377 2884 «
398 2816 555 2908 templum
570 2820 606 2886 tle
618 2838 777 2902 marmore
792 2837 924 2907 ponam.
946 2839 963 2884 u
984 2819 1020 2884 A.
1041 2819 1094 2898 lv,
1114 2819 1178 2885 667
1198 2838 1216 2882 «
1237 2819 1334 2884 Prae-

222 2945 310 3006 terea
330 2934 392 3005 luit
412 2935 445 3005 in
468 2934 561 3005 tectis
583 2937 619 3002 de
638 2955 797 3004 marmore
817 2934 988 3025 templum.
1019 2955 1037 3001 n
1069 2937 1122 3016 vl,
1145 2938 1186 3002 69
1212 2937 1332 3002 «Tum

222 3049 352 3121 Phoebo
372 3059 404 3122 et
421 3051 546 3122 Triviae
565 3053 663 3120 sottoo
690 3052 727 3118 do
744 3070 903 3120 marmore
921 3048 1079 3140 templum
1106 3047 1289 3120 Instituam.
1313 3071 1335 3115 »-

223 3171 291 3251 vll,
320 3172 385 3236 688
415 3167 559 3238 «lulvos
578 3166 647 3257 lupi
666 3169 702 3234 de
720 3167 798 3256 pelte
817 3166 944 3256 galeros
968 3163 1099 3235 habent.
1120 3188 1138 3232 n
1158 3163 1203 3234 Cl.
1224 3162 1330 3234 Tibul.

222 3289 250 3368 Ι,
265 3289 298 3366 6,
313 3287 354 3352 lc
370 3305 389 3351 «
406 3285 442 3352 oe
454 3285 546 3371 scotti
564 3281 747 3373 composuit
765 3284 831 3352 toto
848 3281 976 3372 pocula.
995 3303 1013 3349 u
1032 3284 1108 3355 uo:
1132 3283 1168 3349 6.
1182 3283 1252 3361 Vll,
1269 3283 1333 3349 678

224 3398 388 3490 «Effigies
406 3419 541 3470 avorum
555 3402 691 3488 uotique
708 3421 723 3468 o
740 3401 842 3469 cedro.
861 3422 879 3467 o
900 3401 985 3480 vlu,
1007 3401 1065 3469 686
1092 3420 1110 3465 «
1129 3395 1277 3466 Loricam
1295 3415 1335 3464 eor

224 3533 294 3584 aare
312 3521 487 3605 regentem.
510 3537 528 3582 »

393 3827 431 3909 F.
453 3865 494 3886 «-
512 3825 700 3898 Ablatt'vus
723 3825 1008 3900 instrumentalis
1031 3847 1165 3901 causae.
1220 3843 1222 3849 ·

271 4085 324 4154 66.
342 4123 383 4136 -
397 4082 561 4153 Ablativus
580 4081 698 4152 indicat
718 4101 850 4152 causam
865 4079 1070 4164 efficientem,
1086 4080 1136 4151 vel
1155 4088 1333 4161 auctorem,

226 4198 313 4269 unde
330 4198 405 4288 quis
428 4197 561 4268 effectus
580 4196 806 4288 proficiscitur.
832 4198 903 4278 Quo
921 4195 1064 4288 primum
1084 4194 1224 4285 pertinet
1245 4192 1335 4263 abla-

226 4315 311 4386 tivus
329 4334 412 4384 cum
430 4333 543 4405 praep.
562 4317 603 4383 ab
624 4313 816 4384 coniunctus
835 4311 868 4381 in
892 4310 1168 4383 enuntiationibus
1198 4309 1336 4401 passivis

203 4453 208 4470 ·
228 4430 268 4502 ad
286 4429 531 4522 significandam
549 4449 722 4521 porsonam
741 4449 824 4520 quae
843 4429 875 4498 in
890 4429 992 4499 activa
1005 4427 1244 4500 constructione
1258 4426 1337 4497 sub-

214 4548 347 4618 iectum
370 4546 485 4617 luerat.
506 4551 636 4618 Praeter
657 4545 755 4617 verba
772 4543 913 4636 passiva,
938 4541 1141 4614 intransitiva
1162 4539 1258 4611 etiam
1282 4557 1338 4610 oo·

228 4661 302 4736 dem
315 4657 420 4736 'modo
439 4681 513 4734 cum
531 4679 643 4753 praep.
662 4662 703 4734 ab
721 4667 753 4731 et
776 4657 916 4731 ablativo
934 4655 1176 4750 coniunguntur
1195 4654 1236 4728 ad
1262 4672 1338 4728 auo
