3540 5612
867 683 1062 755 -uuu-

417 866 568 954 prauum
589 882 649 934 neo
664 863 771 935 solum
788 863 878 954 ipsae
897 863 1052 954 temporis
1068 863 1358 946 denominationes,
1385 871 1422 933 ut
1437 863 1518 943 dies,

416 981 539 1058 mensis,
569 986 644 1062 etc,
666 978 837 1050 sedetiam
865 979 974 1072 omnia
992 979 1125 1052 nomina
1142 975 1224 1072 quae
1248 979 1412 1062 notionem
1433 987 1520 1050 tern-

416 1095 506 1185 poris
524 1094 699 1178 continent,
720 1094 752 1165 id
769 1103 827 1178 est,
844 1104 991 1178 euentus,
1011 1096 1153 1167 actiones
1180 1095 1374 1188 quibuscum
1395 1094 1520 1185 aliquid

416 1208 612 1300 intempore
630 1211 803 1294 concurrit,
823 1231 853 1282 e.
874 1232 906 1303 g.
928 1214 1030 1295 initio,
1049 1215 1206 1302 pincipio
1222 1236 1230 1294 ;
1249 1211 1384 1293 nomina
1400 1210 1520 1282 deinde

415 1332 547 1416 quartae
575 1323 797 1396 declinationis
825 1347 844 1398 e
870 1325 976 1398 verbis
989 1326 1142 1411 derivata,
1171 1330 1325 1406 aduentu,
1352 1329 1515 1417 4444444444,

414 1440 560 1518 comeo,
581 1447 642 1510 eto.

456 1554 505 1625 llil
520 1555 650 1647 quidem
667 1556 708 1626 de
727 1557 787 1628 bac
800 1578 835 1628 re
855 1557 1055 1650 Vergilianae
1073 1558 1201 1649 syntaxi
1217 1557 1389 1649 peculiare.
1409 1563 1518 1640 Quos-

414 1668 488 1740 dam
511 1678 619 1742 umen
639 1669 728 1742 locos
755 1671 897 1756 alienam,
928 1672 961 1742 in
984 1672 1104 1765 quibus
1126 1672 1223 1764 paulo
1245 1670 1377 1744 liberior
1400 1681 1432 1754 et
1448 1672 1519 1744 iere

409 1784 558 1874 ,poeticus
577 1784 734 1880 ablativus
753 1788 909 1878 temporis
921 1807 986 1858 usu
998 1788 1096 1877 venit.

454 1903 564 1983 14111,
588 1907 644 1971 8(
665 1902 828 1996 Tumodo
853 1903 995 1974 nascenti
1017 1922 1132 1994 puero,
1161 1923 1221 1990 pue
1244 1903 1347 1974 ierrea
1369 1903 1517 1994 primum

414 2015 544 2086 Desinet
569 2026 692 2088 aetolo
713 2027 823 2110 surget
841 2038 919 2109 gens
941 2037 1040 2089 aurea
1060 2016 1197 2088 mundo.
1221 2043 1237 2082 a
1263 2020 1341 2108 (quo
1369 2055 1400 2081 =
1421 2017 1517 2091 cuius
1594 2019 1605 2032 “

414 2129 580 2219 adventu).
601 2135 639 2203 G.
661 2136 688 2217 Ι,
709 2136 807 2203 300«
835 2136 1019 2221 Frigoribus
1037 2142 1130 2223 parto
1149 2132 1306 2224 agricolae
1322 2134 1517 2226 plerumque

414 2245 577 2319 fruuntur.
597 2273 612 2310 u
632 2252 695 2318 354
720 2276 735 2312 u
762 2268 821 2338 qao
839 2251 927 2336 sipon
944 2249 1094 2319 caderent
1111 2248 1231 2319 Austri.
1251 2273 1266 2312 a
1287 2253 1344 2319 431
1374 2277 1389 2316 u
1421 2256 1516 2322 Vento

412 2379 541 2451 semper
563 2361 658 2434 rubet
675 2382 777 2460 aurea
799 2364 938 2435 Pboebe.
967 2391 982 2427 u
1005 2367 1078 2454 (=
1096 2385 1170 2434 cum
1194 2372 1308 2436 ventus
1331 2368 1420 2454 est.)
1448 2369 1515 2434 432

413 2474 506 2545 «Sin
528 2490 601 2547 orte
619 2455 733 2566 quarto
751 2499 833 2570 pura
851 2499 956 2571 neque
975 2480 1100 2551 obtusis
1120 2479 1272 2552 cornibus
1295 2481 1370 2551 exit.
1391 2506 1410 2568 p
1430 2485 1471 2563 ll,
1491 2487 1514 2550 5

412 2612 431 2658 u
447 2594 614 2681 pumpiaco
630 2606 797 2664 (4444444444.
817 2621 832 2658 »
848 2599 941 2665 353(
960 2599 1027 2665 Neu
1042 2615 1077 2666 se
1093 2594 1309 2686 praevalidam
1325 2599 1440 2684 primis
1458 2615 1515 2666 os-

410 2704 521 2776 tendat
535 2709 655 2777 cristis.
676 2734 691 2772 »
706 2710 779 2797 (=u
797 2709 905 2801 quand
920 2710 967 2780 les
984 2711 1053 2801 epis
1067 2718 1141 2781 sont
1153 2729 1268 2781 encore
1282 2719 1379 2782 verts.
1398 2713 1433 2798 t)
1448 2716 1514 2780 349

412 2849 427 2887 «
444 2822 572 2912 Optima
590 2823 705 2894 vinetis
725 2826 819 2906 satio,
838 2846 912 2897 cum
932 2847 1001 2893 uere
1019 2829 1144 2895 relecti
1167 2826 1308 2896 Candida
1326 2827 1412 2896 venit
1430 2827 1512 2910 avis,

410 2945 471 3008 etc.
492 2943 586 3008 »334
603 2966 618 3004 u
641 2945 714 3011 Vere
729 2950 855 3012 tument
870 2949 985 3012 terrae.
1002 2968 1017 3004 »
1033 2942 1077 3011 31.
1096 2945 1123 3025 l,
1141 2946 1182 3012 43
1200 2946 1272 3013 Vere
1286 2963 1374 3010 coeo.
1389 2946 1432 3022 ll,
1449 2947 1515 3012 337

411 3080 426 3118 o
445 3057 514 3124 Non
529 3054 609 3125 alios
625 3060 734 3146 prtum
748 3061 867 3146 origiue
888 3057 1001 3130 mundi
1020 3057 1167 3128 illuxisse
1185 3057 1254 3128 dies
1274 3057 1476 3128 crediderim.
1495 3082 1513 3120 u

410 3171 448 3238 G.
467 3171 527 3251 111,
546 3174 619 3240 93(
641 3172 791 3264 Coniugis
804 3175 942 3242 aduentu
955 3172 1070 3262 pernix
1090 3176 1248 3243 Saturnus
1262 3171 1371 3243 iubam
1387 3172 1511 3256 effudit,

410 3292 470 3354 etc.
489 3311 504 3349 u
522 3288 585 3374 400
602 3314 616 3350 «
635 3288 727 3369 Quod
741 3302 884 3376 serpente
898 3291 946 3357 die
960 3287 1102 3358 mulsere
1120 3291 1262 3376 lorisque
1280 3291 1404 3357 dalreis
1417 3293 1514 3357 Nocte

403 3407 579 3487 premunt;
594 3401 680 3494 quod
695 3402 757 3472 iam
776 3405 908 3486 teuedris
920 3412 952 3473 et
969 3407 1030 3472 sole
1044 3406 1171 3472 cudente
1190 3402 1256 3471 Sub
1275 3403 1379 3474 lucem
1396 3423 1513 3494 expor-

412 3525 490 3587 tant.
509 3542 524 3579 »
544 3520 582 3586 G.
598 3523 650 3603 IV,
674 3525 736 3590 434
755 3549 769 3585 u
792 3521 919 3592 Primus
935 3542 1004 3589 uere
1027 3541 1133 3592 rosam
1152 3529 1248 3613 atque
1270 3536 1425 3592 uotumrto
1443 3543 1513 3592 oar-

411 3648 488 3720 pere
500 3648 608 3719 poma.
631 3656 645 3692 r
667 3637 729 3701 436
745 3661 760 3696 «
783 3635 908 3703 Aestate
926 3632 1052 3703 labores
1071 3633 1291 3723 experiuntur.
1312 3659 1327 3696 r>
1343 3639 1378 3703 E.
1397 3638 1451 3716 lx,
1468 3639 1511 3704 48

412 3770 428 3807 ι(
448 3746 577 3813 nstrum
590 3765 649 3832 oco
663 3754 786 3836 segetes
802 3747 978 3838 gauderent
992 3745 1138 3837 frugibus
1153 3755 1185 3817 et
1202 3769 1261 3835 quo
1276 3752 1411 3819 Duceret
1425 3749 1511 3838 apri-

411 3857 457 3928 cis
475 3857 508 3926 in
528 3857 664 3930 collibus
684 3880 746 3929 uva
762 3860 914 3931 colorem.
941 3887 955 3924 r
977 3864 1013 3962 0.
1036 3865 1077 3944 Il,
1099 3865 1163 3930 449
1183 3889 1200 3926 (ι
1220 3865 1331 3930 adenis
1355 3867 1511 3932 rumoldus

412 3981 527 4043 aestas.
549 3999 564 4035 u
582 3973 627 4044 31.
644 3979 737 4046 Lucr.
751 3980 777 4058 l,
796 3981 851 4045 tat
877 4005 892 4040 «
911 3979 1023 4045 olieois
1033 3979 1182 4066 portibus
1195 3978 1282 4046 anui.
1306 3981 1372 4047 »3.
1387 3984 1428 4062 11,
1445 3983 1509 4050 378

412 4114 427 4152 u
449 4093 489 4158 Ut
505 4109 600 4180 saepe
618 4093 735 4178 inperiti
748 4095 824 4161 bello
838 4113 911 4163 cum
927 4094 1023 4184 longa
1036 4095 1183 4164 cobortes
1202 4094 1362 4184 Explicuit
1375 4095 1470 4187 legio.
1493 4125 1508 4161 e

411 4208 468 4287 111,
485 4209 549 4276 360
563 4233 578 4270 u
596 4211 703 4276 Nocte.
725 4234 739 4270 a
760 4212 794 4277 4.
814 4213 840 4290 l,
862 4213 925 4277 470
947 4237 960 4272 r
984 4213 1091 4278 Primo
1110 4229 1192 4300 quae
1212 4211 1341 4300 prodita
1357 4233 1473 4281 444444.
1495 4239 1509 4274 t

412 4318 504 4386 6734
523 4315 608 4386 baud
622 4331 710 4388 tuoto
725 4319 1002 4390 cessabiteurdr'oe
1016 4341 1136 4391 rerum.
1158 4348 1173 4384 »
1191 4327 1233 4405 11,
1252 4326 1316 4392 430
1341 4349 1355 4387 (
1376 4326 1512 4394 obscuro

411 4444 508 4500 oocte.
525 4435 583 4513 Ill,
598 4437 661 4502 309
680 4461 697 4500 u
713 4435 844 4506 Labitur
860 4443 892 4506 et
906 4441 993 4523 loopo
1011 4437 1063 4506 vix
1077 4437 1206 4508 taudem
1225 4452 1358 4528 tempore
1374 4439 1470 4511 latur.
1482 4452 1509 4505 ’»

418 4581 451 4606 --
469 4553 545 4635 post
566 4545 698 4637 longum
721 4558 869 4641 tempus;
897 4572 1008 4643 graece
1033 4557 1192 4624 Homerus
1220 4554 1336 4644 Odyss.
1367 4559 1419 4636 IV,
1446 4561 1510 4627 704

413 4673 457 4748 ὀψὲ
478 4671 503 4730 δὲ
524 4671 553 4746 δὴ
574 4699 617 4752 μιν
637 4677 737 4737 ἔπεσσιν
758 4682 903 4757 &pardalica
922 4684 1075 4759 προσέειπεν.
1097 4676 1190 4740 6294(
1213 4669 1379 4756 Oblitusve
1396 4672 1450 4756 3441
1462 4683 1511 4744 &Si
