<?xml version="1.0" encoding="UTF-8"?>
<!DOCTYPE html PUBLIC "-//W3C//DTD XHTML 1.0 Transitional//EN"
    "http://www.w3.org/TR/xhtml1/DTD/xhtml1-transitional.dtd">
<html xmlns="http://www.w3.org/1999/xhtml" xml:lang="en" lang="en">
 <head>
  <title>
</title>
<meta http-equiv="Content-Type" content="text/html;charset=utf-8" />
  <meta name='ocr-system' content='tesseract 3.04.00' />
  <meta name='ocr-capabilities' content='ocr_page ocr_carea ocr_par ocr_line ocrx_word'/>
</head>
<body>
  <div class='ocr_page' id='page_1' title='image "./decasuumsyntaxi00antogoog_0057.png"; bbox 0 0 3528 5604; ppageno 0'>
   <div class='ocr_carea' id='block_1_1' title="bbox 944 662 1116 732">
    <p class='ocr_par' dir='ltr' id='par_1_1' title="bbox 944 662 1116 732">
     <span class='ocr_line' id='line_1_1' title="bbox 944 662 1116 732; baseline 0 -19"><span class='ocrx_word' id='word_1_1' title='bbox 944 662 1116 732; x_wconf 73' lang='lat'>„50-</span> 
     </span>
    </p>
   </div>
   <div class='ocr_carea' id='block_1_2' title="bbox 479 837 1587 1280">
    <p class='ocr_par' dir='ltr' id='par_1_2' title="bbox 479 837 1587 1280">
     <span class='ocr_line' id='line_1_2' title="bbox 481 837 1587 934; baseline 0.004 -24"><span class='ocrx_word' id='word_1_2' title='bbox 481 837 668 912; x_wconf 87' lang='lat' dir='ltr'>custodibus</span> <span class='ocrx_word' id='word_1_3' title='bbox 680 837 744 912; x_wconf 89' lang='lat' dir='ltr'>illis</span> <span class='ocrx_word' id='word_1_4' title='bbox 756 847 950 912; x_wconf 85' lang='lat' dir='ltr'>nocturnum</span> <span class='ocrx_word' id='word_1_5' title='bbox 963 839 1098 914; x_wconf 81' lang='lat' dir='ltr'>stabulis</span> <span class='ocrx_word' id='word_1_6' title='bbox 1109 843 1214 932; x_wconf 79' lang='lat' dir='ltr'>forna</span> <span class='ocrx_word' id='word_1_7' title='bbox 1225 843 1375 912; x_wconf 73' lang='lat' dir='ltr'><strong><em>horrebis.</em></strong></span> <span class='ocrx_word' id='word_1_8' title='bbox 1390 861 1409 910; x_wconf 82' lang='lat' dir='ltr'>a</span> <span class='ocrx_word' id='word_1_9' title='bbox 1423 840 1587 934; x_wconf 81' lang='lat' dir='ltr'>Vergilius</span> 
     </span>
     <span class='ocr_line' id='line_1_3' title="bbox 480 956 1582 1049; baseline 0.002 -23"><span class='ocrx_word' id='word_1_10' title='bbox 480 975 555 1027; x_wconf 81' lang='lat' dir='ltr'>varo</span> <span class='ocrx_word' id='word_1_11' title='bbox 573 965 724 1026; x_wconf 89' lang='lat' dir='ltr'>neutmm</span> <span class='ocrx_word' id='word_1_12' title='bbox 742 959 868 1027; x_wconf 84' lang='lat' dir='ltr'>torrere</span> <span class='ocrx_word' id='word_1_13' title='bbox 884 957 980 1028; x_wconf 87' lang='lat' dir='ltr'>otiam</span> <span class='ocrx_word' id='word_1_14' title='bbox 999 957 1199 1028; x_wconf 80' lang='lat' dir='ltr'><strong>intransitive</strong></span> <span class='ocrx_word' id='word_1_15' title='bbox 1216 966 1248 1028; x_wconf 89' lang='lat' dir='ltr'>et</span> <span class='ocrx_word' id='word_1_16' title='bbox 1265 956 1413 1030; x_wconf 89' lang='lat' dir='ltr'>absolute</span> <span class='ocrx_word' id='word_1_17' title='bbox 1429 967 1582 1049; x_wconf 79' lang='lat' dir='ltr'><strong>usurpat,</strong></span> 
     </span>
     <span class='ocr_line' id='line_1_4' title="bbox 479 1074 1584 1166; baseline 0.004 -24"><span class='ocrx_word' id='word_1_18' title='bbox 479 1075 515 1143; x_wconf 85' lang='lat' dir='ltr'>t.</span> <span class='ocrx_word' id='word_1_19' title='bbox 532 1074 753 1164; x_wconf 90' lang='lat' dir='ltr'>prooemium:</span> <span class='ocrx_word' id='word_1_20' title='bbox 774 1077 812 1145; x_wconf 82' lang='lat' dir='ltr'>tt</span> <span class='ocrx_word' id='word_1_21' title='bbox 825 1096 911 1146; x_wconf 91' lang='lat' dir='ltr'>nunc</span> <span class='ocrx_word' id='word_1_22' title='bbox 926 1079 1087 1146; x_wconf 70' lang='lat' dir='ltr'><em>horrentia</em></span> <span class='ocrx_word' id='word_1_23' title='bbox 1103 1076 1212 1147; x_wconf 83' lang='lat' dir='ltr'>Martis</span> <span class='ocrx_word' id='word_1_24' title='bbox 1233 1097 1325 1148; x_wconf 90' lang='lat' dir='ltr'>arma</span> <span class='ocrx_word' id='word_1_25' title='bbox 1341 1079 1391 1166; x_wconf 60' lang='grc' dir='ltr'>(ε</span> <span class='ocrx_word' id='word_1_26' title='bbox 1411 1077 1584 1148; x_wconf 90' lang='lat' dir='ltr'>horrorem</span> 
     </span>
     <span class='ocr_line' id='line_1_5' title="bbox 479 1188 665 1280; baseline 0.011 -22"><span class='ocrx_word' id='word_1_27' title='bbox 479 1188 665 1280; x_wconf 85' lang='lat' dir='ltr'>inicientia).</span> 
     </span>
    </p>
   </div>
   <div class='ocr_carea' id='block_1_3' title="bbox 734 1577 1320 1664">
    <p class='ocr_par' dir='ltr' id='par_1_3' title="bbox 734 1577 1320 1664">
     <span class='ocr_line' id='line_1_6' title="bbox 734 1577 1320 1664; baseline 0.002 -19"><span class='ocrx_word' id='word_1_28' title='bbox 734 1577 752 1664; x_wconf 68' lang='grc' dir='ltr'>ξ</span> <span class='ocrx_word' id='word_1_29' title='bbox 772 1579 804 1645; x_wconf 91' lang='grc'>3.</span> <span class='ocrx_word' id='word_1_30' title='bbox 826 1615 866 1626; x_wconf 98' lang='grc'><strong>-</strong></span> <span class='ocrx_word' id='word_1_31' title='bbox 884 1579 1091 1648; x_wconf 81' lang='lat' dir='ltr'>Iccosnmvos</span> <span class='ocrx_word' id='word_1_32' title='bbox 1111 1591 1320 1648; x_wconf 82' lang='lat' dir='ltr'>nnvrnamms.</span> 
     </span>
    </p>
   </div>
   <div class='ocr_carea' id='block_1_4' title="bbox 443 1876 1579 3933">
    <p class='ocr_par' dir='ltr' id='par_1_4' title="bbox 443 1876 1579 3702">
     <span class='ocr_line' id='line_1_7' title="bbox 518 1876 1579 1950; baseline 0.002 -4"><span class='ocrx_word' id='word_1_33' title='bbox 518 1877 564 1947; x_wconf 87' lang='lat' dir='ltr'>Id</span> <span class='ocrx_word' id='word_1_34' title='bbox 587 1876 669 1947; x_wconf 87' lang='lat' dir='ltr'>hanc</span> <span class='ocrx_word' id='word_1_35' title='bbox 696 1877 866 1948; x_wconf 82' lang='lat' dir='ltr'>accusativi</span> <span class='ocrx_word' id='word_1_36' title='bbox 893 1878 1163 1949; x_wconf 80' lang='lat' dir='ltr'><strong>constructionem</strong></span> <span class='ocrx_word' id='word_1_37' title='bbox 1194 1878 1383 1950; x_wconf 84' lang='lat' dir='ltr'>referendus</span> <span class='ocrx_word' id='word_1_38' title='bbox 1408 1887 1457 1949; x_wconf 91' lang='lat' dir='ltr'>est</span> <span class='ocrx_word' id='word_1_39' title='bbox 1475 1877 1579 1948; x_wconf 85' lang='lat' dir='ltr'>helle-</span> 
     </span>
     <span class='ocr_line' id='line_1_8' title="bbox 474 1993 1578 2086; baseline 0 -22"><span class='ocrx_word' id='word_1_40' title='bbox 474 1993 599 2064; x_wconf 91' lang='lat' dir='ltr'>nismus</span> <span class='ocrx_word' id='word_1_41' title='bbox 622 1993 687 2078; x_wconf 85' lang='lat' dir='ltr'>itte,</span> <span class='ocrx_word' id='word_1_42' title='bbox 721 1995 807 2085; x_wconf 90' lang='lat' dir='ltr'>apud</span> <span class='ocrx_word' id='word_1_43' title='bbox 832 2004 956 2086; x_wconf 81' lang='lat' dir='ltr'>poetas,</span> <span class='ocrx_word' id='word_1_44' title='bbox 978 1997 1160 2066; x_wconf 90' lang='lat' dir='ltr'>Lucretium</span> <span class='ocrx_word' id='word_1_45' title='bbox 1178 1995 1326 2086; x_wconf 85' lang='lat' dir='ltr'>inprimis</span> <span class='ocrx_word' id='word_1_46' title='bbox 1350 2005 1383 2066; x_wconf 89' lang='lat' dir='ltr'>ct</span> <span class='ocrx_word' id='word_1_47' title='bbox 1401 1995 1578 2086; x_wconf 84' lang='lat' dir='ltr'>Vergilium</span> 
     </span>
     <span class='ocr_line' id='line_1_9' title="bbox 473 2108 1579 2206; baseline 0.001 -28"><span class='ocrx_word' id='word_1_48' title='bbox 473 2108 706 2201; x_wconf 81' lang='lat' dir='ltr'>Horatiumque</span> <span class='ocrx_word' id='word_1_49' title='bbox 723 2110 1016 2201; x_wconf 77' lang='lat' dir='ltr'>frequentissimus,</span> <span class='ocrx_word' id='word_1_50' title='bbox 1037 2109 1283 2206; x_wconf 84' lang='lat' dir='ltr'>quoadioctiva</span> <span class='ocrx_word' id='word_1_51' title='bbox 1310 2110 1360 2182; x_wconf 88' lang='lat' dir='ltr'>vel</span> <span class='ocrx_word' id='word_1_52' title='bbox 1382 2110 1579 2201; x_wconf 73' lang='lat' dir='ltr'>pronomina</span> 
     </span>
     <span class='ocr_line' id='line_1_10' title="bbox 472 2224 1576 2317; baseline 0.002 -23"><span class='ocrx_word' id='word_1_53' title='bbox 472 2224 618 2295; x_wconf 84' lang='lat' dir='ltr'>neutrius</span> <span class='ocrx_word' id='word_1_54' title='bbox 647 2225 773 2316; x_wconf 85' lang='lat' dir='ltr'>generis</span> <span class='ocrx_word' id='word_1_55' title='bbox 802 2226 836 2296; x_wconf 90' lang='lat' dir='ltr'>in</span> <span class='ocrx_word' id='word_1_56' title='bbox 866 2227 1046 2297; x_wconf 81' lang='lat' dir='ltr'>accusativo</span> <span class='ocrx_word' id='word_1_57' title='bbox 1077 2226 1304 2296; x_wconf 84' lang='lat' dir='ltr'>adverbiomm</span> <span class='ocrx_word' id='word_1_58' title='bbox 1326 2235 1435 2317; x_wconf 90' lang='lat' dir='ltr'>partes</span> <span class='ocrx_word' id='word_1_59' title='bbox 1460 2245 1576 2317; x_wconf 84' lang='lat' dir='ltr'>graeco</span> 
     </span>
     <span class='ocr_line' id='line_1_11' title="bbox 471 2337 1576 2433; baseline 0.001 -24"><span class='ocrx_word' id='word_1_60' title='bbox 471 2357 562 2412; x_wconf 92' lang='lat' dir='ltr'>more</span> <span class='ocrx_word' id='word_1_61' title='bbox 575 2348 675 2433; x_wconf 81' lang='lat' dir='ltr'>agunt</span> <span class='ocrx_word' id='word_1_62' title='bbox 693 2349 726 2411; x_wconf 92' lang='lat' dir='ltr'>et</span> <span class='ocrx_word' id='word_1_63' title='bbox 744 2337 929 2431; x_wconf 81' lang='lat' dir='ltr'>qualitatem</span> <span class='ocrx_word' id='word_1_64' title='bbox 949 2342 1082 2412; x_wconf 90' lang='lat' dir='ltr'>actionis</span> <span class='ocrx_word' id='word_1_65' title='bbox 1103 2339 1272 2412; x_wconf 90' lang='lat' dir='ltr'>definiunt.</span> <span class='ocrx_word' id='word_1_66' title='bbox 1293 2345 1410 2411; x_wconf 85' lang='lat' dir='ltr'>Notum</span> <span class='ocrx_word' id='word_1_67' title='bbox 1428 2350 1477 2411; x_wconf 91' lang='lat' dir='ltr'>est</span> <span class='ocrx_word' id='word_1_68' title='bbox 1493 2341 1576 2410; x_wconf 86' lang='lat' dir='ltr'>illud</span> 
     </span>
     <span class='ocr_line' id='line_1_12' title="bbox 471 2455 1574 2547; baseline -0.002 -23"><span class='ocrx_word' id='word_1_69' title='bbox 471 2455 602 2526; x_wconf 87' lang='lat' dir='ltr'>Homeri</span> <span class='ocrx_word' id='word_1_70' title='bbox 616 2455 654 2524; x_wconf 92' lang='grc' dir='ltr'>ΙΙ.</span> <span class='ocrx_word' id='word_1_71' title='bbox 672 2459 712 2524; x_wconf 85' lang='lat' dir='ltr'>VI</span> <span class='ocrx_word' id='word_1_72' title='bbox 725 2467 843 2547; x_wconf 65' lang='grc' dir='ltr'>δακρύων</span> <span class='ocrx_word' id='word_1_73' title='bbox 862 2471 1002 2547; x_wconf 61' lang='grc' dir='ltr'>γελάσασα.</span> <span class='ocrx_word' id='word_1_74' title='bbox 1020 2459 1062 2540; x_wconf 88' lang='grc' dir='ltr'>ΙΙ,</span> <span class='ocrx_word' id='word_1_75' title='bbox 1078 2460 1142 2526; x_wconf 84' lang='grc'>270</span> <span class='ocrx_word' id='word_1_76' title='bbox 1154 2465 1200 2531; x_wconf 80' lang='lat' dir='ltr'>tto</span> <span class='ocrx_word' id='word_1_77' title='bbox 1219 2470 1356 2546; x_wconf 66' lang='lat' dir='ltr'>patemo.</span> <span class='ocrx_word' id='word_1_78' title='bbox 1377 2457 1467 2524; x_wconf 86' lang='lat' dir='ltr'>Hanc</span> <span class='ocrx_word' id='word_1_79' title='bbox 1480 2473 1574 2545; x_wconf 86' lang='lat' dir='ltr'>grae-</span> 
     </span>
     <span class='ocr_line' id='line_1_13' title="bbox 443 2569 1573 2660; baseline -0.002 -20"><span class='ocrx_word' id='word_1_80' title='bbox 443 2609 447 2614; x_wconf 89' lang='lat'>·</span> <span class='ocrx_word' id='word_1_81' title='bbox 470 2589 581 2640; x_wconf 92' lang='lat' dir='ltr'>corum</span> <span class='ocrx_word' id='word_1_82' title='bbox 600 2578 793 2640; x_wconf 79' lang='lat' dir='ltr'>structuram</span> <span class='ocrx_word' id='word_1_83' title='bbox 811 2579 924 2660; x_wconf 85' lang='lat' dir='ltr'>poetae</span> <span class='ocrx_word' id='word_1_84' title='bbox 942 2570 1031 2640; x_wconf 86' lang='lat' dir='ltr'>latini</span> <span class='ocrx_word' id='word_1_85' title='bbox 1050 2579 1081 2640; x_wconf 92' lang='lat' dir='ltr'>et</span> <span class='ocrx_word' id='word_1_86' title='bbox 1099 2569 1287 2660; x_wconf 89' lang='lat' dir='ltr'>posterioris</span> <span class='ocrx_word' id='word_1_87' title='bbox 1308 2570 1378 2641; x_wconf 86' lang='lat' dir='ltr'>aeri</span> <span class='ocrx_word' id='word_1_88' title='bbox 1399 2571 1573 2660; x_wconf 81' lang='lat' dir='ltr'>scriptores</span> 
     </span>
     <span class='ocr_line' id='line_1_14' title="bbox 469 2685 1572 2777; baseline -0.003 -20"><span class='ocrx_word' id='word_1_89' title='bbox 469 2694 680 2777; x_wconf 84' lang='lat' dir='ltr'>usurparunt,</span> <span class='ocrx_word' id='word_1_90' title='bbox 701 2703 798 2775; x_wconf 89' lang='lat' dir='ltr'>quam</span> <span class='ocrx_word' id='word_1_91' title='bbox 816 2685 880 2754; x_wconf 92' lang='lat' dir='ltr'>iam</span> <span class='ocrx_word' id='word_1_92' title='bbox 899 2686 985 2776; x_wconf 90' lang='lat' dir='ltr'>apud</span> <span class='ocrx_word' id='word_1_93' title='bbox 1004 2686 1186 2756; x_wconf 80' lang='lat' dir='ltr'>Lucretmm</span> <span class='ocrx_word' id='word_1_94' title='bbox 1205 2685 1430 2777; x_wconf 80' lang='lat' dir='ltr'>Catullumque</span> <span class='ocrx_word' id='word_1_95' title='bbox 1448 2685 1572 2754; x_wconf 87' lang='lat' dir='ltr'>inveni-</span> 
     </span>
     <span class='ocr_line' id='line_1_15' title="bbox 470 2787 1571 2894; baseline -0.005 -21"><span class='ocrx_word' id='word_1_96' title='bbox 470 2823 555 2873; x_wconf 89' lang='lat' dir='ltr'>mus.</span> <span class='ocrx_word' id='word_1_97' title='bbox 569 2807 677 2894; x_wconf 86' lang='lat' dir='ltr'>Neque</span> <span class='ocrx_word' id='word_1_98' title='bbox 691 2811 817 2874; x_wconf 90' lang='lat' dir='ltr'>tantum</span> <span class='ocrx_word' id='word_1_99' title='bbox 831 2822 869 2874; x_wconf 90' lang='lat' dir='ltr'>ea</span> <span class='ocrx_word' id='word_1_100' title='bbox 886 2787 1031 2872; x_wconf 81' lang='lat' dir='ltr'>adiectiri</span> <span class='ocrx_word' id='word_1_101' title='bbox 1045 2799 1236 2871; x_wconf 72' lang='lat' dir='ltr'>adverbialis</span> <span class='ocrx_word' id='word_1_102' title='bbox 1249 2799 1454 2871; x_wconf 87' lang='lat' dir='ltr'>adiunctIone</span> <span class='ocrx_word' id='word_1_103' title='bbox 1466 2799 1571 2890; x_wconf 79' lang='lat' dir='ltr'>qnaIIs</span> 
     </span>
     <span class='ocr_line' id='line_1_16' title="bbox 470 2915 1570 3008; baseline -0.005 -18"><span class='ocrx_word' id='word_1_104' title='bbox 470 2919 512 2990; x_wconf 92' lang='lat' dir='ltr'>sit</span> <span class='ocrx_word' id='word_1_105' title='bbox 529 2940 581 2991; x_wconf 92' lang='lat' dir='ltr'>res</span> <span class='ocrx_word' id='word_1_106' title='bbox 599 2918 648 2990; x_wconf 86' lang='lat' dir='ltr'>vel</span> <span class='ocrx_word' id='word_1_107' title='bbox 669 2919 762 3003; x_wconf 89' lang='lat' dir='ltr'>actio,</span> <span class='ocrx_word' id='word_1_108' title='bbox 781 2918 952 2990; x_wconf 87' lang='lat' dir='ltr'>sedetiam</span> <span class='ocrx_word' id='word_1_109' title='bbox 971 2917 1049 3008; x_wconf 88' lang='lat' dir='ltr'>quid</span> <span class='ocrx_word' id='word_1_110' title='bbox 1069 2936 1127 3007; x_wconf 91' lang='lat' dir='ltr'>per</span> <span class='ocrx_word' id='word_1_111' title='bbox 1151 2917 1256 3008; x_wconf 90' lang='lat' dir='ltr'>ipsam</span> <span class='ocrx_word' id='word_1_112' title='bbox 1274 2915 1442 3000; x_wconf 90' lang='lat' dir='ltr'>efficiatur,</span> <span class='ocrx_word' id='word_1_113' title='bbox 1463 2916 1570 3006; x_wconf 82' lang='lat' dir='ltr'>expri-</span> 
     </span>
     <span class='ocr_line' id='line_1_17' title="bbox 468 3030 1569 3126; baseline -0.004 -22"><span class='ocrx_word' id='word_1_114' title='bbox 468 3043 573 3107; x_wconf 89' lang='lat' dir='ltr'>munt.</span> <span class='ocrx_word' id='word_1_115' title='bbox 603 3035 736 3126; x_wconf 89' lang='lat' dir='ltr'>Saepius</span> <span class='ocrx_word' id='word_1_116' title='bbox 765 3034 851 3105; x_wconf 88' lang='lat' dir='ltr'>enim</span> <span class='ocrx_word' id='word_1_117' title='bbox 873 3031 953 3103; x_wconf 90' lang='lat' dir='ltr'>illud</span> <span class='ocrx_word' id='word_1_118' title='bbox 982 3032 1172 3103; x_wconf 86' lang='lat' dir='ltr'>adiectirum</span> <span class='ocrx_word' id='word_1_119' title='bbox 1197 3053 1262 3103; x_wconf 92' lang='lat' dir='ltr'>non</span> <span class='ocrx_word' id='word_1_120' title='bbox 1282 3051 1371 3103; x_wconf 90' lang='lat' dir='ltr'>mere</span> <span class='ocrx_word' id='word_1_121' title='bbox 1389 3030 1569 3102; x_wconf 84' lang='lat' dir='ltr'>adverbiale</span> 
     </span>
     <span class='ocr_line' id='line_1_18' title="bbox 468 3137 1569 3242; baseline -0.003 -20"><span class='ocrx_word' id='word_1_122' title='bbox 468 3160 528 3236; x_wconf 91' lang='lat' dir='ltr'>est,</span> <span class='ocrx_word' id='word_1_123' title='bbox 550 3150 606 3222; x_wconf 90' lang='lat' dir='ltr'>sed</span> <span class='ocrx_word' id='word_1_124' title='bbox 629 3137 688 3242; x_wconf 89' lang='lat' dir='ltr'>pro</span> <span class='ocrx_word' id='word_1_125' title='bbox 714 3151 829 3222; x_wconf 85' lang='lat' dir='ltr'>eiiectu</span> <span class='ocrx_word' id='word_1_126' title='bbox 846 3159 977 3222; x_wconf 84' lang='lat' dir='ltr'>externo</span> <span class='ocrx_word' id='word_1_127' title='bbox 995 3150 1050 3241; x_wconf 93' lang='lat' dir='ltr'>qui</span> <span class='ocrx_word' id='word_1_128' title='bbox 1068 3150 1099 3219; x_wconf 89' lang='lat' dir='ltr'>vi</span> <span class='ocrx_word' id='word_1_129' title='bbox 1118 3149 1276 3220; x_wconf 85' lang='lat' dir='ltr'>intensiva</span> <span class='ocrx_word' id='word_1_130' title='bbox 1293 3149 1467 3240; x_wconf 89' lang='lat' dir='ltr'>praedicati</span> <span class='ocrx_word' id='word_1_131' title='bbox 1493 3169 1569 3240; x_wconf 90' lang='lat' dir='ltr'>pro-</span> 
     </span>
     <span class='ocr_line' id='line_1_19' title="bbox 468 3259 1568 3353; baseline -0.003 -17"><span class='ocrx_word' id='word_1_132' title='bbox 468 3259 607 3349; x_wconf 82' lang='lat' dir='ltr'>ducitur,</span> <span class='ocrx_word' id='word_1_133' title='bbox 628 3262 812 3336; x_wconf 87' lang='lat' dir='ltr'>habendum</span> <span class='ocrx_word' id='word_1_134' title='bbox 836 3274 895 3335; x_wconf 88' lang='lat' dir='ltr'>est.</span> <span class='ocrx_word' id='word_1_135' title='bbox 925 3265 1009 3335; x_wconf 90' lang='lat' dir='ltr'>Illud</span> <span class='ocrx_word' id='word_1_136' title='bbox 1033 3269 1069 3334; x_wconf 84' lang='lat' dir='ltr'>t.</span> <span class='ocrx_word' id='word_1_137' title='bbox 1094 3269 1177 3348; x_wconf 84' lang='lat' dir='ltr'>VIII,</span> <span class='ocrx_word' id='word_1_138' title='bbox 1199 3269 1263 3334; x_wconf 72' lang='grc'>489</span> <span class='ocrx_word' id='word_1_139' title='bbox 1288 3287 1306 3331; x_wconf 92' lang='lat'>«</span> <span class='ocrx_word' id='word_1_140' title='bbox 1327 3265 1416 3335; x_wconf 83' lang='lat' dir='ltr'>Cives</span> <span class='ocrx_word' id='word_1_141' title='bbox 1434 3265 1568 3353; x_wconf 81' lang='lat' dir='ltr'>infando</span> 
     </span>
     <span class='ocr_line' id='line_1_20' title="bbox 468 3379 1567 3471; baseline -0.001 -20"><span class='ocrx_word' id='word_1_142' title='bbox 468 3380 627 3451; x_wconf 85' lang='lat' dir='ltr'>iurantem</span> <span class='ocrx_word' id='word_1_143' title='bbox 653 3381 931 3451; x_wconf 87' lang='lat' dir='ltr'>circumsistunt»</span> <span class='ocrx_word' id='word_1_144' title='bbox 959 3380 1004 3450; x_wconf 90' lang='lat' dir='ltr'>sic</span> <span class='ocrx_word' id='word_1_145' title='bbox 1032 3381 1182 3471; x_wconf 82' lang='lat' dir='ltr'>explicari</span> <span class='ocrx_word' id='word_1_146' title='bbox 1220 3389 1349 3471; x_wconf 87' lang='lat' dir='ltr'>potest:</span> <span class='ocrx_word' id='word_1_147' title='bbox 1376 3379 1501 3451; x_wconf 81' lang='lat' dir='ltr'>furebat</span> <span class='ocrx_word' id='word_1_148' title='bbox 1524 3380 1567 3450; x_wconf 85' lang='lat' dir='ltr'>ita</span> 
     </span>
     <span class='ocr_line' id='line_1_21' title="bbox 467 3491 1563 3576; baseline -0.005 -11"><span class='ocrx_word' id='word_1_149' title='bbox 467 3502 503 3565; x_wconf 93' lang='lat' dir='ltr'>ut</span> <span class='ocrx_word' id='word_1_150' title='bbox 520 3491 670 3563; x_wconf 75' lang='lat' dir='ltr'>tutandus</span> <span class='ocrx_word' id='word_1_151' title='bbox 684 3493 857 3576; x_wconf 87' lang='lat' dir='ltr'>videretur,</span> <span class='ocrx_word' id='word_1_152' title='bbox 873 3493 923 3564; x_wconf 83' lang='lat' dir='ltr'>vel</span> <span class='ocrx_word' id='word_1_153' title='bbox 941 3491 1087 3563; x_wconf 78' lang='lat' dir='ltr'>infandas</span> <span class='ocrx_word' id='word_1_154' title='bbox 1101 3513 1153 3564; x_wconf 90' lang='lat' dir='ltr'>res</span> <span class='ocrx_word' id='word_1_155' title='bbox 1171 3512 1205 3564; x_wconf 90' lang='lat' dir='ltr'>se</span> <span class='ocrx_word' id='word_1_156' title='bbox 1220 3491 1378 3563; x_wconf 88' lang='lat' dir='ltr'>iacturum</span> <span class='ocrx_word' id='word_1_157' title='bbox 1392 3491 1563 3561; x_wconf 90' lang='lat' dir='ltr'>minitaret.</span> 
     </span>
     <span class='ocr_line' id='line_1_22' title="bbox 460 3609 965 3702; baseline 0 -23"><span class='ocrx_word' id='word_1_158' title='bbox 460 3612 609 3702; x_wconf 17' lang='lat' dir='ltr'>stotonae</span> <span class='ocrx_word' id='word_1_159' title='bbox 624 3619 674 3681; x_wconf 89' lang='lat' dir='ltr'>est</span> <span class='ocrx_word' id='word_1_160' title='bbox 690 3609 821 3682; x_wconf 82' lang='lat' dir='ltr'>effectus</span> <span class='ocrx_word' id='word_1_161' title='bbox 836 3610 965 3683; x_wconf 82' lang='lat' dir='ltr'>furoris.</span> 
     </span>
    </p>

    <p class='ocr_par' dir='ltr' id='par_1_5' title="bbox 466 3725 1563 3933">
     <span class='ocr_line' id='line_1_23' title="bbox 509 3725 1560 3818; baseline 0.001 -23"><span class='ocrx_word' id='word_1_162' title='bbox 509 3729 545 3795; x_wconf 87' lang='grc' dir='ltr'>Α.</span> <span class='ocrx_word' id='word_1_163' title='bbox 562 3726 603 3809; x_wconf 92' lang='grc' dir='ltr'>ΙΙ,</span> <span class='ocrx_word' id='word_1_164' title='bbox 620 3731 685 3796; x_wconf 85' lang='grc'>’690</span> <span class='ocrx_word' id='word_1_165' title='bbox 700 3750 719 3794; x_wconf 79' lang='lat' dir='ltr'>c</span> <span class='ocrx_word' id='word_1_166' title='bbox 734 3727 847 3818; x_wconf 76' lang='lat' dir='ltr'>Aspice</span> <span class='ocrx_word' id='word_1_167' title='bbox 860 3747 921 3798; x_wconf 90' lang='lat' dir='ltr'>uos</span> <span class='ocrx_word' id='word_1_168' title='bbox 939 3725 1153 3798; x_wconf 82' lang='lat' dir='ltr'>hortantum.</span> <span class='ocrx_word' id='word_1_169' title='bbox 1172 3748 1190 3795; x_wconf 87' lang='lat'>&gt;›</span> <span class='ocrx_word' id='word_1_170' title='bbox 1209 3731 1276 3796; x_wconf 83' lang='lat' dir='ltr'>Hoc</span> <span class='ocrx_word' id='word_1_171' title='bbox 1289 3727 1489 3797; x_wconf 83' lang='lat' dir='ltr'>accusativus</span> <span class='ocrx_word' id='word_1_172' title='bbox 1503 3735 1560 3810; x_wconf 88' lang='lat' dir='ltr'>est,</span> 
     </span>
     <span class='ocr_line' id='line_1_24' title="bbox 466 3839 1563 3933; baseline 0 -23"><span class='ocrx_word' id='word_1_173' title='bbox 466 3839 521 3932; x_wconf 90' lang='lat' dir='ltr'>qui</span> <span class='ocrx_word' id='word_1_174' title='bbox 535 3839 668 3912; x_wconf 89' lang='lat' dir='ltr'>actionis</span> <span class='ocrx_word' id='word_1_175' title='bbox 682 3840 902 3912; x_wconf 83' lang='lat' dir='ltr'>extensionem</span> <span class='ocrx_word' id='word_1_176' title='bbox 915 3839 1055 3910; x_wconf 90' lang='lat' dir='ltr'>indicat:</span> <span class='ocrx_word' id='word_1_177' title='bbox 1077 3862 1095 3907; x_wconf 83' lang='lat' dir='ltr'>c</span> <span class='ocrx_word' id='word_1_178' title='bbox 1115 3845 1198 3911; x_wconf 87' lang='lat' dir='ltr'>Jcttc</span> <span class='ocrx_word' id='word_1_179' title='bbox 1211 3861 1256 3910; x_wconf 90' lang='lat' dir='ltr'>un</span> <span class='ocrx_word' id='word_1_180' title='bbox 1272 3840 1385 3933; x_wconf 84' lang='lat' dir='ltr'>regard</span> <span class='ocrx_word' id='word_1_181' title='bbox 1402 3839 1563 3912; x_wconf 82' lang='lat' dir='ltr'>tavoraola</span> 
     </span>
    </p>
   </div>
   <div class='ocr_carea' id='block_1_5' title="bbox 466 3957 1681 4062">
    <p class='ocr_par' dir='ltr' id='par_1_6' title="bbox 466 3957 1681 4062">
     <span class='ocr_line' id='line_1_25' title="bbox 466 3957 1681 4062; baseline 0 -36"><span class='ocrx_word' id='word_1_182' title='bbox 466 3975 523 4026; x_wconf 90' lang='lat' dir='ltr'>sur</span> <span class='ocrx_word' id='word_1_183' title='bbox 545 3973 628 4026; x_wconf 91' lang='lat' dir='ltr'>nous</span> <span class='ocrx_word' id='word_1_184' title='bbox 650 3976 688 4024; x_wconf 86' lang='lat' dir='ltr'>oa</span> <span class='ocrx_word' id='word_1_185' title='bbox 713 3975 745 4024; x_wconf 87' lang='lat' dir='ltr'>oo</span> <span class='ocrx_word' id='word_1_186' title='bbox 759 3957 814 4042; x_wconf 80' lang='lat' dir='ltr'>qm·</span> <span class='ocrx_word' id='word_1_187' title='bbox 827 3975 974 4025; x_wconf 85' lang='lat' dir='ltr'>concerno</span> <span class='ocrx_word' id='word_1_188' title='bbox 992 3975 1023 4024; x_wconf 89' lang='lat' dir='ltr'>co</span> <span class='ocrx_word' id='word_1_189' title='bbox 1042 3959 1190 4045; x_wconf 59' lang='lat' dir='ltr'>presepe</span> <span class='ocrx_word' id='word_1_190' title='bbox 1211 3978 1230 4023; x_wconf 83' lang='lat'>&gt;›</span> <span class='ocrx_word' id='word_1_191' title='bbox 1248 3975 1383 4047; x_wconf 85' lang='lat' dir='ltr'>graece:</span> <span class='ocrx_word' id='word_1_192' title='bbox 1404 3969 1562 4047; x_wconf 63' lang='grc' dir='ltr'>τοῦτομόνον</span> <span class='ocrx_word' id='word_1_193' title='bbox 1680 4053 1681 4062; x_wconf 8' lang='grc' dir='ltr'>ἵ</span> 
     </span>
    </p>
   </div>
   <div class='ocr_carea' id='block_1_6' title="bbox 461 4067 1562 4392">
    <p class='ocr_par' dir='ltr' id='par_1_7' title="bbox 461 4067 1562 4392">
     <span class='ocr_line' id='line_1_26' title="bbox 463 4067 1562 4177; baseline -0.007 -29"><span class='ocrx_word' id='word_1_194' title='bbox 463 4087 528 4164; x_wconf 72' lang='grc' dir='ltr'>ἡμᾶς</span> <span class='ocrx_word' id='word_1_195' title='bbox 547 4085 685 4162; x_wconf 55' lang='lat' dir='ltr'>maeno.</span> <span class='ocrx_word' id='word_1_196' title='bbox 715 4075 793 4153; x_wconf 87' lang='lat' dir='ltr'>Hoc,</span> <span class='ocrx_word' id='word_1_197' title='bbox 827 4070 871 4140; x_wconf 93' lang='lat' dir='ltr'>ait</span> <span class='ocrx_word' id='word_1_198' title='bbox 896 4070 1096 4162; x_wconf 82' lang='lat' dir='ltr'>Ladewigius</span> <span class='ocrx_word' id='word_1_199' title='bbox 1126 4071 1166 4141; x_wconf 88' lang='lat' dir='ltr'>ad</span> <span class='ocrx_word' id='word_1_200' title='bbox 1192 4067 1312 4177; x_wconf 87' lang='lat' dir='ltr'>Iocum,</span> <span class='ocrx_word' id='word_1_201' title='bbox 1341 4071 1447 4142; x_wconf 89' lang='lat' dir='ltr'>Iocum</span> <span class='ocrx_word' id='word_1_202' title='bbox 1479 4077 1562 4142; x_wconf 90' lang='lat' dir='ltr'>tenet</span> 
     </span>
     <span class='ocr_line' id='line_1_27' title="bbox 464 4185 1559 4277; baseline -0.003 -19"><span class='ocrx_word' id='word_1_203' title='bbox 464 4186 655 4258; x_wconf 80' lang='lat' dir='ltr'>substantivi</span> <span class='ocrx_word' id='word_1_204' title='bbox 678 4185 823 4258; x_wconf 88' lang='lat' dir='ltr'>eiusdem</span> <span class='ocrx_word' id='word_1_205' title='bbox 844 4185 952 4277; x_wconf 87' lang='lat' dir='ltr'>stirpis</span> <span class='ocrx_word' id='word_1_206' title='bbox 971 4186 1030 4275; x_wconf 81' lang='lat' dir='ltr'>(ct.</span> <span class='ocrx_word' id='word_1_207' title='bbox 1055 4186 1122 4255; x_wconf 85' lang='lat' dir='ltr'>Liv.</span> <span class='ocrx_word' id='word_1_208' title='bbox 1143 4189 1211 4270; x_wconf 86' lang='lat' dir='ltr'>VII,</span> <span class='ocrx_word' id='word_1_209' title='bbox 1238 4191 1291 4270; x_wconf 87' lang='lat'>30,</span> <span class='ocrx_word' id='word_1_210' title='bbox 1310 4192 1352 4257; x_wconf 75' lang='grc'>20</span> <span class='ocrx_word' id='word_1_211' title='bbox 1369 4189 1500 4257; x_wconf 67' lang='lat' dir='ltr'>manete</span> <span class='ocrx_word' id='word_1_212' title='bbox 1519 4223 1559 4237; x_wconf 92' lang='lat'>-</span> 
     </span>
     <span class='ocr_line' id='line_1_28' title="bbox 461 4304 1557 4392; baseline -0.005 -17"><span class='ocrx_word' id='word_1_213' title='bbox 461 4317 577 4375; x_wconf 79' lang='lat' dir='ltr'>aarum</span> <span class='ocrx_word' id='word_1_214' title='bbox 600 4324 774 4392; x_wconf 69' lang='lat' dir='ltr'>comanae</span> <span class='ocrx_word' id='word_1_215' title='bbox 796 4304 965 4390; x_wconf 81' lang='lat' dir='ltr'>vestrum).</span> <span class='ocrx_word' id='word_1_216' title='bbox 994 4304 1031 4371; x_wconf 85' lang='lat' dir='ltr'>G.</span> <span class='ocrx_word' id='word_1_217' title='bbox 1052 4305 1109 4384; x_wconf 93' lang='grc' dir='ltr'>ΙΙΙ,</span> <span class='ocrx_word' id='word_1_218' title='bbox 1133 4305 1195 4371; x_wconf 75' lang='lat' dir='ltr'>tiit</span> <span class='ocrx_word' id='word_1_219' title='bbox 1219 4305 1370 4373; x_wconf 75' lang='lat' dir='ltr'>«morbo</span> <span class='ocrx_word' id='word_1_220' title='bbox 1388 4322 1519 4374; x_wconf 89' lang='lat' dir='ltr'>sonans.</span> <span class='ocrx_word' id='word_1_221' title='bbox 1541 4324 1557 4369; x_wconf 78' lang='lat' dir='ltr'>a</span> 
     </span>
    </p>
   </div>
   <div class='ocr_carea' id='block_1_7' title="bbox 461 4411 1677 4625">
    <p class='ocr_par' dir='ltr' id='par_1_8' title="bbox 461 4411 1677 4625">
     <span class='ocr_line' id='line_1_29' title="bbox 462 4411 1677 4508; baseline -0.002 -20"><span class='ocrx_word' id='word_1_222' title='bbox 462 4421 498 4489; x_wconf 83' lang='lat' dir='ltr'>t.</span> <span class='ocrx_word' id='word_1_223' title='bbox 519 4423 602 4502; x_wconf 87' lang='lat' dir='ltr'>VIII,</span> <span class='ocrx_word' id='word_1_224' title='bbox 619 4423 683 4488; x_wconf 77' lang='lat' dir='ltr'>eta</span> <span class='ocrx_word' id='word_1_225' title='bbox 702 4441 720 4486; x_wconf 88' lang='lat'>«</span> <span class='ocrx_word' id='word_1_226' title='bbox 738 4426 834 4508; x_wconf 87' lang='lat' dir='ltr'>atque</span> <span class='ocrx_word' id='word_1_227' title='bbox 849 4411 973 4486; x_wconf 72' lang='lat' dir='ltr'>tasneto</span> <span class='ocrx_word' id='word_1_228' title='bbox 989 4415 1169 4486; x_wconf 89' lang='lat' dir='ltr'>rudentem.</span> <span class='ocrx_word' id='word_1_229' title='bbox 1192 4438 1211 4484; x_wconf 79' lang='lat' dir='ltr'>a</span> <span class='ocrx_word' id='word_1_230' title='bbox 1230 4420 1284 4502; x_wconf 89' lang='grc' dir='ltr'>ΙΙΙ,</span> <span class='ocrx_word' id='word_1_231' title='bbox 1301 4420 1399 4487; x_wconf 81' lang='grc' dir='ltr'>33Ι«</span> <span class='ocrx_word' id='word_1_232' title='bbox 1418 4417 1473 4508; x_wconf 91' lang='lat' dir='ltr'>qui</span> <span class='ocrx_word' id='word_1_233' title='bbox 1487 4419 1557 4507; x_wconf 83' lang='lat' dir='ltr'>pta·</span> <span class='ocrx_word' id='word_1_234' title='bbox 1676 4469 1677 4472; x_wconf 63' lang='lat'>,</span> 
     </span>
     <span class='ocr_line' id='line_1_30' title="bbox 461 4530 1676 4625; baseline -0.002 -22"><span class='ocrx_word' id='word_1_235' title='bbox 461 4535 688 4606; x_wconf 82' lang='lat' dir='ltr'>rtmolusorat.</span> <span class='ocrx_word' id='word_1_236' title='bbox 705 4557 724 4602; x_wconf 83' lang='lat' dir='ltr'>o</span> <span class='ocrx_word' id='word_1_237' title='bbox 740 4538 803 4604; x_wconf 86' lang='grc'>630</span> <span class='ocrx_word' id='word_1_238' title='bbox 817 4555 836 4602; x_wconf 76' lang='lat' dir='ltr'>c&lt;</span> <span class='ocrx_word' id='word_1_239' title='bbox 851 4530 994 4603; x_wconf 89' lang='lat' dir='ltr'>Intonuit</span> <span class='ocrx_word' id='word_1_240' title='bbox 1007 4533 1141 4601; x_wconf 70' lang='lat' dir='ltr'>cavom.</span> <span class='ocrx_word' id='word_1_241' title='bbox 1158 4537 1250 4602; x_wconf 79' lang='lat' dir='ltr'>»oet</span> <span class='ocrx_word' id='word_1_242' title='bbox 1272 4556 1291 4600; x_wconf 92' lang='lat'>»</span> <span class='ocrx_word' id='word_1_243' title='bbox 1305 4533 1423 4625; x_wconf 85' lang='lat' dir='ltr'>Effugit</span> <span class='ocrx_word' id='word_1_244' title='bbox 1433 4535 1556 4602; x_wconf 75' lang='lat' dir='ltr'>torreo</span> <span class='ocrx_word' id='word_1_245' title='bbox 1675 4591 1676 4600; x_wconf 72' lang='grc'>,</span> 
     </span>
    </p>
   </div>
   <div class='ocr_carea' id='block_1_8' title="bbox 460 4643 1675 4741">
    <p class='ocr_par' dir='ltr' id='par_1_9' title="bbox 460 4643 1675 4741">
     <span class='ocr_line' id='line_1_31' title="bbox 460 4643 1675 4741; baseline -0.002 -21"><span class='ocrx_word' id='word_1_246' title='bbox 460 4652 536 4721; x_wconf 82' lang='lat' dir='ltr'>dom</span> <span class='ocrx_word' id='word_1_247' title='bbox 554 4643 694 4723; x_wconf 81' lang='lat' dir='ltr'>stridens</span> <span class='ocrx_word' id='word_1_248' title='bbox 710 4647 849 4722; x_wconf 81' lang='lat' dir='ltr'>audacte</span> <span class='ocrx_word' id='word_1_249' title='bbox 868 4647 994 4741; x_wconf 84' lang='lat' dir='ltr'>sagitta.</span> <span class='ocrx_word' id='word_1_250' title='bbox 1015 4670 1034 4717; x_wconf 82' lang='lat' dir='ltr'>o</span> <span class='ocrx_word' id='word_1_251' title='bbox 1051 4653 1116 4719; x_wconf 77' lang='lat'>655</span> <span class='ocrx_word' id='word_1_252' title='bbox 1135 4669 1154 4716; x_wconf 84' lang='lat' dir='ltr'>o</span> <span class='ocrx_word' id='word_1_253' title='bbox 1171 4649 1280 4720; x_wconf 81' lang='lat' dir='ltr'>Cetera</span> <span class='ocrx_word' id='word_1_254' title='bbox 1294 4668 1401 4740; x_wconf 85' lang='lat' dir='ltr'>parce,</span> <span class='ocrx_word' id='word_1_255' title='bbox 1426 4669 1519 4740; x_wconf 90' lang='lat' dir='ltr'>puer.</span> <span class='ocrx_word' id='word_1_256' title='bbox 1537 4669 1554 4718; x_wconf 81' lang='lat' dir='ltr'>a</span> <span class='ocrx_word' id='word_1_257' title='bbox 1674 4679 1675 4686; x_wconf 43' lang='lat'>¹</span> 
     </span>
    </p>
   </div>
   <div class='ocr_carea' id='block_1_9' title="bbox 0 0 1768 5604">
    <p class='ocr_par' dir='ltr' id='par_1_10' title="bbox 0 0 1768 5604">
     <span class='ocr_line' id='line_1_32' title="bbox 0 0 1768 5604; baseline 0 8"><span class='ocrx_word' id='word_1_258' title='bbox 0 0 1768 5604; x_wconf 95' lang='lat' dir='ltr'> </span> 
     </span>
    </p>
   </div>
  </div>
 </body>
</html>
