3540 5612
848 623 1045 713 ...gog-4

395 861 439 890 =
455 834 581 897 serrato
600 824 714 897 ordine
729 843 795 916 quo
816 823 964 917 singulae
982 843 1080 894 naves
1101 823 1251 896 stabant:
1267 825 1391 915 primae
1406 824 1503 895 solri-
1539 858 1545 868 ·

395 950 449 1012 tur
463 941 563 1023 ionis,
582 948 652 1010 tum
667 948 700 1010 ct
717 939 891 1022 secundae,
907 946 940 1010 et
956 939 1003 1010 sic
1017 938 1181 1030 deinceps.
1200 979 1241 990 -
1260 942 1376 1010 Ordine
1391 941 1502 1021 dinre,

393 1059 542 1148 pondua
564 1065 625 1127 etc.
646 1055 829 1127 homericae
853 1055 1007 1126 locutioni
1026 1056 1201 1146 respondet
1218 1074 1284 1126 aava
1304 1077 1394 1148 papa
1416 1075 1503 1126 sunnin.

440 1171 500 1242 Hic
516 1168 670 1241 audacior
688 1189 782 1252 usus,
803 1189 868 1261 quo
887 1189 945 1260 per
964 1169 1089 1240 nudum
1107 1189 1226 1241 nomen
1244 1170 1277 1239 in
1295 1170 1434 1240 ablativo
1448 1190 1507 1260 po-

398 1286 498 1358 situm
516 1285 633 1356 modus
652 1285 788 1358 actionis
799 1285 972 1372 delinitur,
991 1285 1078 1376 apud
1098 1305 1217 1376 prosae
1232 1286 1388 1357 orationis
1407 1286 1508 1376 scrip-

399 1412 486 1474 tores
507 1419 613 1493 usque
641 1401 681 1471 ad
709 1400 834 1471 Livium
863 1402 1050 1472 rarissimus
1078 1402 1230 1473 occurrit.
1255 1401 1335 1472 Inde
1357 1401 1401 1471 ab·
1421 1401 1508 1472 Liuio

399 1516 502 1610 magis
522 1537 559 1586 ac
578 1515 682 1607 magis
696 1515 893 1586 extenditur.
912 1517 979 1586 Liu.
1001 1521 1055 1600 lx,
1076 1521 1132 1599 46,
1155 1521 1174 1585 4
1190 1539 1208 1584 n
1227 1519 1436 1587 conternante
1452 1517 1509 1587 ad-
1546 1563 1550 1569 -

399 1651 513 1702 uersus
530 1629 657 1701 nobiles
674 1629 817 1700 certavit.
839 1654 858 1698 n
878 1634 987 1712 xxvl,
1007 1636 1039 1712 3,
1056 1635 1076 1700 8
1094 1653 1111 1698 n
1134 1649 1193 1702 seu
1211 1633 1326 1718 lapidus
1342 1634 1509 1701 sennaari-

400 1751 458 1818 las
478 1746 591 1816 maliet
611 1745 809 1836 anquireret.
835 1767 854 1813 u
878 1741 972 1826 XLII,
994 1751 1050 1828 64,
1071 1752 1094 1816 6
1117 1769 1138 1813 n·
1161 1725 1366 1838 trepidatione
1387 1748 1509 1838 passim

401 1861 595 1944 natantium,
610 1883 629 1927 u
644 1869 705 1930 etc.
726 1859 843 1930 lustin.
860 1864 931 1939 XII,
951 1866 984 1942 8,
1007 1865 1048 1930 49
1064 1883 1083 1928 n
1099 1861 1264 1932 Exercitus
1279 1864 1422 1932 lacrimis
1435 1883 1513 1932 eum·

401 1977 639 2067 deprecatur.»
659 1975 719 2064 (64.
741 1974 900 2058 Kiihnast,
921 1976 987 2046 Liv.
1009 1981 1099 2066 Synt.
1121 1997 1155 2067 p.
1179 1981 1245 2047 i75
1263 1999 1335 2068 sqq.
1357 1983 1506 2069 Dranger,

401 2092 523 2164 Hister.
545 2095 637 2181 synt.
653 2095 680 2173 I,
701 2110 734 2180 p.
753 2093 831 2178 499)

526 2409 573 2478 Η.
602 2446 646 2460 -
669 2405 857 2478 Ablalivus
883 2406 1164 2478 instrumentalis
1187 2406 1387 2501 qualitatis.

452 2669 505 2734 l8.
531 2705 573 2716 -
592 2666 756 2739 dblatixus
774 2669 939 2756 qualitatis
958 2677 1026 2738 arte
1044 2687 1126 2738 cunc
1144 2667 1209 2738 ahl.
1227 2666 1315 2738 modi
1332 2675 1365 2738 et
1383 2666 1515 2737 comita-

342 2815 343 2819 *
406 2789 460 2851 tus
479 2782 640 2854 cohaeret.
662 2787 702 2854 Ut
721 2783 807 2854 enim
822 2783 960 2856 ablativo
975 2805 1014 2854 ea
1030 2805 1093 2867 res
1111 2804 1194 2875 quae
1210 2785 1369 2855 actionem
1384 2783 1517 2854 comita-

406 2903 472 2978 tur,
503 2898 702 2983 enuntiatur,
727 2899 770 2969 ita
792 2897 906 2969 eodem
931 2917 1008 2969 casu
1039 2899 1151 2970 eadem
1177 2899 1290 2970 relatio
1313 2899 1515 2990 exprimitur,

408 3031 482 3080 cum
502 3011 533 3081 id
557 3013 644 3104 quod
663 3014 862 3104 predicatum
881 3014 1064 3098 definiebat,
1085 3015 1125 3085 ad
1144 3015 1325 3086 subiectum
1344 3014 1433 3086 verbi
1451 3023 1520 3084 tan-

409 3147 507 3217 quam
525 3128 595 3200 eius
609 3129 801 3201 attributum
813 3129 961 3200 refertur.
977 3131 1009 3199 Si
1028 3131 1114 3200 enim
1134 3132 1279 3202 conseres
1299 3155 1307 3199 :
1329 3130 1519 3222 «Legiones

406 3245 565 3329 prosector
577 3259 653 3315 sunt
666 3244 770 3316 nlccri
783 3247 902 3327 cnicn,
918 3253 980 3315 »et
993 3267 1011 3312 «
1025 3244 1169 3337 legiones
1180 3260 1255 3315 sunt
1267 3247 1486 3315 ulncrioninno
1501 3267 1518 3311 u

409 3354 504 3426 facile
519 3358 676 3448 percipies
695 3361 830 3431 eandem
849 3380 922 3430 esse
935 3361 1105 3451 utriusque
1124 3361 1254 3431 ablativi
1269 3369 1429 3431 naturam.

455 3475 500 3540 De
522 3493 587 3562 quo
614 3473 744 3545 ablativi
770 3496 834 3546 usu
861 3479 947 3567 apud
973 3477 1147 3568 Vergilium
1171 3496 1274 3568 pauca
1289 3476 1393 3546 dicam
1411 3500 1420 3554 ;
1440 3475 1519 3544 nihil

412 3589 498 3660 enim
518 3600 568 3662 est
585 3592 783 3683 Vergilianas
802 3593 927 3682 syntaxi
943 3592 1116 3683 peculiare.
1134 3594 1201 3661 Hos
1216 3599 1341 3661 tantum
1360 3588 1519 3659 notandos

412 3705 501 3777 locos
519 3707 665 3778 ederam:
686 3710 725 3776 G.
744 3712 785 3791 44,
808 3714 871 3778 toa
891 3730 910 3775 n
929 3711 1072 3808 tumidis,
1087 3712 1251 3790 domasse,
1268 3708 1440 3775 concinis.»
1456 3709 1514 3774 snt

415 3849 429 3886 c
447 3825 551 3912 spisso
564 3826 679 3924 nimine
691 3825 817 3916 qualos,
834 3848 852 3892 u
872 3829 936 3895 266
957 3852 972 3888 n
995 3823 1123 3914 Optima
1133 3825 1225 3912 pntrl
1239 3837 1315 3891 arva
1327 3824 1401 3890 solo.
1426 3825 1518 3890 4343

414 3960 433 4005 n
449 3940 535 4026 [ollis
551 3939 689 4010 oleaster
706 3943 839 4010 amoris.
866 3967 881 4002 r
899 3945 935 4010 44.
957 3945 1008 4023 VI,
1025 3944 1067 4009 67
1083 3967 1099 4005 «
1117 3939 1228 4021 Linus
1253 3940 1359 4006 divino
1381 3939 1521 4006 carmine

414 4065 536 4147 pastor.
559 4061 629 4127 »4.
649 4063 676 4141 Ι,
696 4063 760 4128 243
776 4085 791 4122 n
808 4057 887 4128 Bina
899 4077 998 4128 manu
1010 4059 1074 4126 loto
1088 4057 1234 4146 crispans
1246 4042 1481 4126 hastiliaierro.
1501 4077 1519 4120 n

413 4175 471 4253 444,
487 4176 551 4242 677
566 4195 584 4240 4
600 4173 766 4244 Cernimus
784 4173 947 4243 adstantes
963 4173 1177 4264 nequicquam
1197 4174 1314 4240 lumine
1327 4185 1425 4240 torno.
1446 4196 1462 4233 »
1482 4174 1519 4249 v,

416 4290 457 4355 77
473 4315 488 4352 4
510 4287 569 4358 Hic
585 4289 650 4360 duo
672 4289 732 4360 rite
755 4288 860 4359 libans
878 4284 967 4358 'nero
988 4287 1151 4358 carchesia
1167 4290 1290 4356 Boccho
1304 4289 1522 4376 (exspectatur

417 4413 512 4496 genet
536 4405 722 4497 quantitatis
743 4430 750 4476 :
771 4404 933 4476 carchesia
950 4403 1077 4492 Bacchi)
1101 4403 1219 4474 Fundit
1236 4402 1339 4484 humi,
1360 4401 1426 4503 duo
1444 4404 1522 4470 lactc

417 4542 507 4604 noco,
526 4521 591 4592 duo
609 4524 977 4610 conculcamentum
997 4543 1015 4586 «
1032 4525 1243 4610 Ferratasquc
1256 4518 1366 4589 trudes
1381 4525 1413 4588 et
1425 4528 1523 4587 acuto

419 4642 543 4728 cuspide
556 4649 680 4712 contos.
706 4665 721 4704 n
741 4643 812 4722 llll,
828 4643 891 4708 483
911 4665 927 4702 n
949 4641 1067 4710 Cervus
1086 4646 1155 4708 erat
1172 4641 1280 4726 foranu
1297 4637 1476 4726 praetorui
1492 4641 1523 4704 et
