<?xml version="1.0" encoding="UTF-8"?>
<!DOCTYPE html PUBLIC "-//W3C//DTD XHTML 1.0 Transitional//EN"
    "http://www.w3.org/TR/xhtml1/DTD/xhtml1-transitional.dtd">
<html xmlns="http://www.w3.org/1999/xhtml" xml:lang="en" lang="en">
 <head>
  <title>
</title>
<meta http-equiv="Content-Type" content="text/html;charset=utf-8" />
  <meta name='ocr-system' content='tesseract 3.04.00' />
  <meta name='ocr-capabilities' content='ocr_page ocr_carea ocr_par ocr_line ocrx_word'/>
</head>
<body>
  <div class='ocr_page' id='page_1' title='image "./decasuumsyntaxi00antogoog_0166.png"; bbox 0 0 3490 5604; ppageno 0'>
   <div class='ocr_carea' id='block_1_1' title="bbox 387 1003 1037 1091">
    <p class='ocr_par' dir='ltr' id='par_1_1' title="bbox 387 1003 1037 1091">
     <span class='ocr_line' id='line_1_1' title="bbox 387 1003 1037 1091; baseline -0.022 -6"><span class='ocrx_word' id='word_1_1' title='bbox 387 1021 389 1026; x_wconf 85' lang='grc'><strong><em>·</em></strong></span> <span class='ocrx_word' id='word_1_2' title='bbox 432 1053 433 1058; x_wconf 26' lang='lat'>¹</span> <span class='ocrx_word' id='word_1_3' title='bbox 514 1003 587 1091; x_wconf 76' lang='lat' dir='ltr'><strong>§t</strong></span> <span class='ocrx_word' id='word_1_4' title='bbox 612 1040 653 1055; x_wconf 91' lang='lat'>-</span> <span class='ocrx_word' id='word_1_5' title='bbox 676 1004 847 1076; x_wconf 78' lang='lat' dir='ltr'><strong>docturus</strong></span> <span class='ocrx_word' id='word_1_6' title='bbox 870 1017 1037 1076; x_wconf 74' lang='lat' dir='ltr'><strong>euoruus.</strong></span> 
     </span>
    </p>
   </div>
   <div class='ocr_carea' id='block_1_2' title="bbox 222 1299 1348 1972">
    <p class='ocr_par' dir='ltr' id='par_1_2' title="bbox 222 1299 1348 1972">
     <span class='ocr_line' id='line_1_2' title="bbox 266 1299 1318 1394; baseline -0.004 -20"><span class='ocrx_word' id='word_1_7' title='bbox 266 1307 293 1389; x_wconf 90' lang='lat' dir='ltr'><strong>l.</strong></span> <span class='ocrx_word' id='word_1_8' title='bbox 316 1299 480 1374; x_wconf 79' lang='lat' dir='ltr'><strong>Ablativus</strong></span> <span class='ocrx_word' id='word_1_9' title='bbox 498 1302 647 1394; x_wconf 82' lang='lat' dir='ltr'>exprimit</span> <span class='ocrx_word' id='word_1_10' title='bbox 664 1302 771 1375; x_wconf 91' lang='lat' dir='ltr'><strong>locum</strong></span> <span class='ocrx_word' id='word_1_11' title='bbox 789 1305 871 1374; x_wconf 86' lang='lat' dir='ltr'><strong>uudc</strong></span> <span class='ocrx_word' id='word_1_12' title='bbox 888 1302 969 1375; x_wconf 92' lang='lat' dir='ltr'><strong>actio</strong></span> <span class='ocrx_word' id='word_1_13' title='bbox 988 1301 1212 1394; x_wconf 88' lang='lat' dir='ltr'><strong>proficiscitur,</strong></span> <span class='ocrx_word' id='word_1_14' title='bbox 1232 1300 1318 1372; x_wconf 91' lang='lat' dir='ltr'><strong>undo</strong></span> 
     </span>
     <span class='ocr_line' id='line_1_3' title="bbox 224 1417 1319 1508; baseline 0.001 -22"><span class='ocrx_word' id='word_1_15' title='bbox 224 1417 344 1508; x_wconf 87' lang='lat' dir='ltr'><strong>aliquid</strong></span> <span class='ocrx_word' id='word_1_16' title='bbox 357 1424 540 1487; x_wconf 90' lang='lat' dir='ltr'><strong>removetur</strong></span> <span class='ocrx_word' id='word_1_17' title='bbox 552 1425 584 1486; x_wconf 92' lang='lat' dir='ltr'><strong>et</strong></span> <span class='ocrx_word' id='word_1_18' title='bbox 600 1417 722 1489; x_wconf 85' lang='lat' dir='ltr'><strong>excedit</strong></span> <span class='ocrx_word' id='word_1_19' title='bbox 735 1425 809 1508; x_wconf 89' lang='lat' dir='ltr'><strong>post</strong></span> <span class='ocrx_word' id='word_1_20' title='bbox 825 1417 922 1489; x_wconf 83' lang='lat' dir='ltr'><strong>verba</strong></span> <span class='ocrx_word' id='word_1_21' title='bbox 940 1419 1044 1501; x_wconf 73' lang='lat' dir='ltr'><strong>modi,</strong></span> <span class='ocrx_word' id='word_1_22' title='bbox 1059 1417 1272 1506; x_wconf 77' lang='lat' dir='ltr'><strong>proficiscendi</strong></span> <span class='ocrx_word' id='word_1_23' title='bbox 1288 1426 1319 1487; x_wconf 92' lang='lat' dir='ltr'><strong>et</strong></span> 
     </span>
     <span class='ocr_line' id='line_1_4' title="bbox 223 1530 1316 1624; baseline -0.003 -23"><span class='ocrx_word' id='word_1_24' title='bbox 223 1535 390 1622; x_wconf 70' lang='lat' dir='ltr'><strong>spououdi</strong></span> <span class='ocrx_word' id='word_1_25' title='bbox 410 1557 421 1616; x_wconf 90' lang='lat'><strong><em>;</em></strong></span> <span class='ocrx_word' id='word_1_26' title='bbox 445 1552 509 1624; x_wconf 92' lang='lat' dir='ltr'><strong>quo</strong></span> <span class='ocrx_word' id='word_1_27' title='bbox 538 1532 697 1622; x_wconf 84' lang='lat' dir='ltr'><strong>pertinent</strong></span> <span class='ocrx_word' id='word_1_28' title='bbox 723 1532 856 1604; x_wconf 90' lang='lat' dir='ltr'><strong>nomina</strong></span> <span class='ocrx_word' id='word_1_29' title='bbox 885 1532 1029 1604; x_wconf 89' lang='lat' dir='ltr'><strong>locorum</strong></span> <span class='ocrx_word' id='word_1_30' title='bbox 1049 1539 1081 1602; x_wconf 92' lang='lat' dir='ltr'><strong>ot</strong></span> <span class='ocrx_word' id='word_1_31' title='bbox 1098 1530 1150 1600; x_wconf 92' lang='lat' dir='ltr'><strong>his</strong></span> <span class='ocrx_word' id='word_1_32' title='bbox 1172 1538 1316 1622; x_wconf 82' lang='lat' dir='ltr'><strong>cognata,</strong></span> 
     </span>
     <span class='ocr_line' id='line_1_5' title="bbox 222 1637 1319 1738; baseline -0.001 -22"><span class='ocrx_word' id='word_1_33' title='bbox 222 1649 321 1731; x_wconf 87' lang='lat' dir='ltr'><strong>domo,</strong></span> <span class='ocrx_word' id='word_1_34' title='bbox 345 1668 432 1731; x_wconf 85' lang='lat' dir='ltr'><strong>rure,</strong></span> <span class='ocrx_word' id='word_1_35' title='bbox 445 1637 447 1642; x_wconf 74' lang='grc'><strong>’</strong></span> <span class='ocrx_word' id='word_1_36' title='bbox 462 1647 577 1718; x_wconf 90' lang='lat' dir='ltr'><strong>deindo</strong></span> <span class='ocrx_word' id='word_1_37' title='bbox 600 1655 632 1718; x_wconf 90' lang='lat' dir='ltr'><strong>et</strong></span> <span class='ocrx_word' id='word_1_38' title='bbox 652 1647 732 1718; x_wconf 89' lang='lat' dir='ltr'><strong>aliae</strong></span> <span class='ocrx_word' id='word_1_39' title='bbox 750 1648 910 1731; x_wconf 89' lang='lat' dir='ltr'><strong>notiones,</strong></span> <span class='ocrx_word' id='word_1_40' title='bbox 931 1667 1013 1738; x_wconf 86' lang='lat' dir='ltr'><strong>quae</strong></span> <span class='ocrx_word' id='word_1_41' title='bbox 1041 1665 1225 1738; x_wconf 81' lang='lat' dir='ltr'>quanquam</span> <span class='ocrx_word' id='word_1_42' title='bbox 1253 1665 1319 1717; x_wconf 95' lang='lat' dir='ltr'><strong>non</strong></span> 
     </span>
     <span class='ocr_line' id='line_1_6' title="bbox 223 1759 1348 1854; baseline -0.003 -22"><span class='ocrx_word' id='word_1_43' title='bbox 223 1782 351 1854; x_wconf 79' lang='lat' dir='ltr'><strong>semper</strong></span> <span class='ocrx_word' id='word_1_44' title='bbox 368 1763 456 1853; x_wconf 86' lang='lat' dir='ltr'><strong>ipsae</strong></span> <span class='ocrx_word' id='word_1_45' title='bbox 470 1762 576 1834; x_wconf 91' lang='lat' dir='ltr'><strong>locum</strong></span> <span class='ocrx_word' id='word_1_46' title='bbox 595 1762 789 1853; x_wconf 84' lang='lat' dir='ltr'><strong>exprimunt,</strong></span> <span class='ocrx_word' id='word_1_47' title='bbox 811 1783 870 1854; x_wconf 93' lang='lat' dir='ltr'><strong>pro</strong></span> <span class='ocrx_word' id='word_1_48' title='bbox 888 1762 967 1834; x_wconf 91' lang='lat' dir='ltr'><strong>locis</strong></span> <span class='ocrx_word' id='word_1_49' title='bbox 986 1770 1093 1834; x_wconf 90' lang='lat' dir='ltr'><strong>tamen</strong></span> <span class='ocrx_word' id='word_1_50' title='bbox 1111 1761 1197 1832; x_wconf 91' lang='lat' dir='ltr'><strong>unde</strong></span> <span class='ocrx_word' id='word_1_51' title='bbox 1213 1759 1321 1852; x_wconf 89' lang='lat' dir='ltr'><strong>aliqua</strong></span> <span class='ocrx_word' id='word_1_52' title='bbox 1346 1773 1348 1778; x_wconf 82' lang='lat'>·</span> 
     </span>
     <span class='ocr_line' id='line_1_7' title="bbox 223 1875 936 1972; baseline 0 -24"><span class='ocrx_word' id='word_1_53' title='bbox 223 1877 304 1949; x_wconf 87' lang='lat' dir='ltr'><strong>actio</strong></span> <span class='ocrx_word' id='word_1_54' title='bbox 322 1877 477 1969; x_wconf 89' lang='lat' dir='ltr'><strong>procedit,</strong></span> <span class='ocrx_word' id='word_1_55' title='bbox 497 1875 712 1972; x_wconf 80' lang='lat' dir='ltr'><strong>metaphorice</strong></span> <span class='ocrx_word' id='word_1_56' title='bbox 725 1877 936 1970; x_wconf 87' lang='lat' dir='ltr'><strong>accipiuntur.</strong></span> 
     </span>
    </p>
   </div>
   <div class='ocr_carea' id='block_1_3' title="bbox 507 2231 1025 2327">
    <p class='ocr_par' dir='ltr' id='par_1_3' title="bbox 507 2231 1025 2327">
     <span class='ocr_line' id='line_1_8' title="bbox 507 2231 1025 2327; baseline -0.004 -21"><span class='ocrx_word' id='word_1_57' title='bbox 507 2237 552 2306; x_wconf 85' lang='lat' dir='ltr'><strong>A.</strong></span> <span class='ocrx_word' id='word_1_58' title='bbox 574 2274 615 2287; x_wconf 92' lang='lat'>—</span> <span class='ocrx_word' id='word_1_59' title='bbox 644 2232 754 2304; x_wconf 88' lang='lat' dir='ltr'><strong>Verba</strong></span> <span class='ocrx_word' id='word_1_60' title='bbox 768 2231 1025 2327; x_wconf 81' lang='lat' dir='ltr'><strong>proficiscendi.</strong></span> 
     </span>
    </p>
   </div>
   <div class='ocr_carea' id='block_1_4' title="bbox 225 2460 1435 4657">
    <p class='ocr_par' dir='ltr' id='par_1_4' title="bbox 225 2460 1435 3038">
     <span class='ocr_line' id='line_1_9' title="bbox 267 2460 1435 2575; baseline -0.002 -19"><span class='ocrx_word' id='word_1_61' title='bbox 267 2483 402 2556; x_wconf 87' lang='lat' dir='ltr'><strong>Nomina</strong></span> <span class='ocrx_word' id='word_1_62' title='bbox 431 2503 513 2575; x_wconf 89' lang='lat' dir='ltr'><strong>quae</strong></span> <span class='ocrx_word' id='word_1_63' title='bbox 537 2485 644 2554; x_wconf 83' lang='lat' dir='ltr'><strong>urbem</strong></span> <span class='ocrx_word' id='word_1_64' title='bbox 676 2492 708 2554; x_wconf 91' lang='lat' dir='ltr'><strong>et</strong></span> <span class='ocrx_word' id='word_1_65' title='bbox 736 2471 874 2572; x_wconf 82' lang='lat' dir='ltr'><strong>porcum</strong></span> <span class='ocrx_word' id='word_1_66' title='bbox 906 2484 1055 2553; x_wconf 76' lang='lat' dir='ltr'><strong>tuscum</strong></span> <span class='ocrx_word' id='word_1_67' title='bbox 1075 2481 1256 2574; x_wconf 81' lang='lat' dir='ltr'><strong>designant,</strong></span> <span class='ocrx_word' id='word_1_68' title='bbox 1290 2491 1323 2554; x_wconf 90' lang='lat' dir='ltr'><strong>et</strong></span> <span class='ocrx_word' id='word_1_69' title='bbox 1430 2460 1435 2480; x_wconf 38' lang='grc' dir='ltr'>ι</span> 
     </span>
     <span class='ocr_line' id='line_1_10' title="bbox 226 2599 1321 2693; baseline 0.001 -23"><span class='ocrx_word' id='word_1_70' title='bbox 226 2600 383 2692; x_wconf 88' lang='lat' dir='ltr'><strong>quaedam</strong></span> <span class='ocrx_word' id='word_1_71' title='bbox 401 2601 591 2693; x_wconf 84' lang='lat' dir='ltr'><strong>appellativa</strong></span> <span class='ocrx_word' id='word_1_72' title='bbox 608 2608 774 2691; x_wconf 90' lang='lat' dir='ltr'><strong>ponuntur</strong></span> <span class='ocrx_word' id='word_1_73' title='bbox 791 2600 824 2670; x_wconf 94' lang='lat' dir='ltr'><strong>in</strong></span> <span class='ocrx_word' id='word_1_74' title='bbox 842 2599 979 2670; x_wconf 88' lang='lat' dir='ltr'><strong>ablativo</strong></span> <span class='ocrx_word' id='word_1_75' title='bbox 1002 2623 1009 2669; x_wconf 95' lang='lat'><strong>:</strong></span> <span class='ocrx_word' id='word_1_76' title='bbox 1035 2599 1097 2670; x_wconf 79' lang='lat' dir='ltr'><strong>Cio.</strong></span> <span class='ocrx_word' id='word_1_77' title='bbox 1116 2604 1209 2671; x_wconf 87' lang='lat' dir='ltr'><strong>Tusc.</strong></span> <span class='ocrx_word' id='word_1_78' title='bbox 1227 2604 1264 2683; x_wconf 88' lang='lat' dir='ltr'><strong>ll,</strong></span> <span class='ocrx_word' id='word_1_79' title='bbox 1279 2603 1321 2671; x_wconf 84' lang='lat'><strong>37</strong></span> 
     </span>
     <span class='ocr_line' id='line_1_11' title="bbox 227 2701 1321 2807; baseline 0.001 -24"><span class='ocrx_word' id='word_1_80' title='bbox 227 2720 456 2787; x_wconf 84' lang='lat' dir='ltr'><strong>«Demaratus</strong></span> <span class='ocrx_word' id='word_1_81' title='bbox 484 2715 564 2807; x_wconf 82' lang='lat' dir='ltr'><strong>fugit</strong></span> <span class='ocrx_word' id='word_1_82' title='bbox 590 2715 779 2807; x_wconf 83' lang='lat' dir='ltr'><strong>Tarquinios</strong></span> <span class='ocrx_word' id='word_1_83' title='bbox 792 2701 1009 2786; x_wconf 51' lang='lat' dir='ltr'><strong>&#39;Coriotbou</strong></span> <span class='ocrx_word' id='word_1_84' title='bbox 1038 2719 1127 2786; x_wconf 84' lang='lat' dir='ltr'><strong>Verr.</strong></span> <span class='ocrx_word' id='word_1_85' title='bbox 1164 2719 1206 2799; x_wconf 90' lang='lat' dir='ltr'><strong>ll,</strong></span> <span class='ocrx_word' id='word_1_86' title='bbox 1228 2720 1259 2799; x_wconf 89' lang='lat' dir='ltr'><strong>l,</strong></span> <span class='ocrx_word' id='word_1_87' title='bbox 1281 2720 1321 2784; x_wconf 89' lang='lat' dir='ltr'><strong>l8</strong></span> 
     </span>
     <span class='ocr_line' id='line_1_12' title="bbox 227 2817 1323 2921; baseline 0.001 -23"><span class='ocrx_word' id='word_1_88' title='bbox 227 2829 427 2902; x_wconf 82' lang='lat' dir='ltr'><strong>«Dolabella</strong></span> <span class='ocrx_word' id='word_1_89' title='bbox 456 2833 528 2900; x_wconf 86' lang='lat' dir='ltr'><strong>Delo</strong></span> <span class='ocrx_word' id='word_1_90' title='bbox 559 2817 832 2921; x_wconf 72' lang='lat' dir='ltr'><strong>proficiscitur.»</strong></span> <span class='ocrx_word' id='word_1_91' title='bbox 866 2835 955 2900; x_wconf 91' lang='lat' dir='ltr'><strong>Brut.</strong></span> <span class='ocrx_word' id='word_1_92' title='bbox 994 2834 1036 2900; x_wconf 85' lang='lat'><strong>89</strong></span> <span class='ocrx_word' id='word_1_93' title='bbox 1069 2852 1088 2898; x_wconf 82' lang='lat' dir='ltr'><strong>u</strong></span> <span class='ocrx_word' id='word_1_94' title='bbox 1117 2830 1208 2902; x_wconf 90' lang='lat' dir='ltr'><strong>Philo</strong></span> <span class='ocrx_word' id='word_1_95' title='bbox 1235 2831 1323 2899; x_wconf 87' lang='lat' dir='ltr'><strong>domo</strong></span> 
     </span>
     <span class='ocr_line' id='line_1_13' title="bbox 225 2945 1214 3038; baseline -0.003 -22"><span class='ocrx_word' id='word_1_96' title='bbox 225 2945 377 3038; x_wconf 79' lang='lat' dir='ltr'><strong>profugit.</strong></span> <span class='ocrx_word' id='word_1_97' title='bbox 398 2969 417 3014; x_wconf 82' lang='lat' dir='ltr'><strong>u</strong></span> <span class='ocrx_word' id='word_1_98' title='bbox 438 2952 525 3017; x_wconf 81' lang='lat' dir='ltr'><strong>Fam.</strong></span> <span class='ocrx_word' id='word_1_99' title='bbox 547 2950 584 3030; x_wconf 85' lang='lat' dir='ltr'><strong>V,</strong></span> <span class='ocrx_word' id='word_1_100' title='bbox 604 2951 645 3016; x_wconf 87' lang='lat' dir='ltr'><strong>to</strong></span> <span class='ocrx_word' id='word_1_101' title='bbox 669 2949 786 3015; x_wconf 77' lang='lat' dir='ltr'><strong>«Cum</strong></span> <span class='ocrx_word' id='word_1_102' title='bbox 804 2945 928 3016; x_wconf 84' lang='lat' dir='ltr'><strong>Tnllius</strong></span> <span class='ocrx_word' id='word_1_103' title='bbox 940 2966 1017 3017; x_wconf 84' lang='lat' dir='ltr'><strong>rure</strong></span> <span class='ocrx_word' id='word_1_104' title='bbox 1035 2945 1176 3017; x_wconf 89' lang='lat' dir='ltr'><strong>redierit.</strong></span> <span class='ocrx_word' id='word_1_105' title='bbox 1196 2968 1214 3013; x_wconf 91' lang='lat'>»</span> 
     </span>
    </p>

    <p class='ocr_par' dir='ltr' id='par_1_5' title="bbox 225 3060 1327 3961">
     <span class='ocr_line' id='line_1_14' title="bbox 270 3060 1324 3153; baseline 0 -21"><span class='ocrx_word' id='word_1_106' title='bbox 270 3066 379 3134; x_wconf 81' lang='lat' dir='ltr'><strong>Cetera</strong></span> <span class='ocrx_word' id='word_1_107' title='bbox 404 3062 535 3134; x_wconf 89' lang='lat' dir='ltr'><strong>nomina</strong></span> <span class='ocrx_word' id='word_1_108' title='bbox 551 3082 625 3133; x_wconf 91' lang='lat' dir='ltr'><strong>cum</strong></span> <span class='ocrx_word' id='word_1_109' title='bbox 640 3081 750 3153; x_wconf 90' lang='lat' dir='ltr'><strong>praep.</strong></span> <span class='ocrx_word' id='word_1_110' title='bbox 770 3083 804 3144; x_wconf 91' lang='lat' dir='ltr'><strong>o,</strong></span> <span class='ocrx_word' id='word_1_111' title='bbox 825 3064 872 3145; x_wconf 80' lang='lat' dir='ltr'><strong>dc,</strong></span> <span class='ocrx_word' id='word_1_112' title='bbox 887 3083 938 3145; x_wconf 82' lang='lat' dir='ltr'><strong>cc,</strong></span> <span class='ocrx_word' id='word_1_113' title='bbox 958 3061 1150 3153; x_wconf 86' lang='lat' dir='ltr'><strong>apodestris</strong></span> <span class='ocrx_word' id='word_1_114' title='bbox 1169 3060 1324 3134; x_wconf 85' lang='lat' dir='ltr'><strong>orationis</strong></span> 
     </span>
     <span class='ocr_line' id='line_1_15' title="bbox 226 3176 1324 3269; baseline -0.001 -21"><span class='ocrx_word' id='word_1_115' title='bbox 226 3176 435 3268; x_wconf 74' lang='lat' dir='ltr'><strong>scriptoribus</strong></span> <span class='ocrx_word' id='word_1_116' title='bbox 449 3184 690 3257; x_wconf 88' lang='lat' dir='ltr'><strong>construuntur.</strong></span> <span class='ocrx_word' id='word_1_117' title='bbox 711 3177 921 3267; x_wconf 84' lang='lat' dir='ltr'><strong>Excipiuntnr</strong></span> <span class='ocrx_word' id='word_1_118' title='bbox 938 3185 1046 3248; x_wconf 89' lang='lat' dir='ltr'><strong>tamon</strong></span> <span class='ocrx_word' id='word_1_119' title='bbox 1063 3186 1151 3248; x_wconf 90' lang='lat' dir='ltr'><strong>corta</strong></span> <span class='ocrx_word' id='word_1_120' title='bbox 1167 3176 1324 3269; x_wconf 89' lang='lat' dir='ltr'><strong>quaedam</strong></span> 
     </span>
     <span class='ocr_line' id='line_1_16' title="bbox 225 3290 1324 3384; baseline -0.003 -21"><span class='ocrx_word' id='word_1_121' title='bbox 225 3291 323 3363; x_wconf 85' lang='lat' dir='ltr'><strong>rerba</strong></span> <span class='ocrx_word' id='word_1_122' title='bbox 338 3311 421 3384; x_wconf 88' lang='lat' dir='ltr'><strong>quae</strong></span> <span class='ocrx_word' id='word_1_123' title='bbox 438 3291 534 3362; x_wconf 89' lang='lat' dir='ltr'><strong>etiam</strong></span> <span class='ocrx_word' id='word_1_124' title='bbox 552 3291 585 3361; x_wconf 93' lang='lat' dir='ltr'><strong>in</strong></span> <span class='ocrx_word' id='word_1_125' title='bbox 604 3311 701 3384; x_wconf 91' lang='lat' dir='ltr'><strong>prosa</strong></span> <span class='ocrx_word' id='word_1_126' title='bbox 727 3307 800 3362; x_wconf 90' lang='lat' dir='ltr'><strong>cum</strong></span> <span class='ocrx_word' id='word_1_127' title='bbox 828 3290 965 3362; x_wconf 86' lang='lat' dir='ltr'><strong>ablativo</strong></span> <span class='ocrx_word' id='word_1_128' title='bbox 994 3292 1063 3363; x_wconf 92' lang='lat' dir='ltr'><strong>solo</strong></span> <span class='ocrx_word' id='word_1_129' title='bbox 1081 3291 1324 3384; x_wconf 84' lang='lat' dir='ltr'><strong>coniunguntur</strong></span> 
     </span>
     <span class='ocr_line' id='line_1_17' title="bbox 229 3395 1326 3500; baseline 0 -22"><span class='ocrx_word' id='word_1_130' title='bbox 229 3411 354 3500; x_wconf 88' lang='lat' dir='ltr'><strong>(praep.</strong></span> <span class='ocrx_word' id='word_1_131' title='bbox 376 3409 472 3480; x_wconf 91' lang='lat' dir='ltr'><strong>etiarn</strong></span> <span class='ocrx_word' id='word_1_132' title='bbox 486 3395 672 3497; x_wconf 88' lang='lat' dir='ltr'><strong>admittunt)</strong></span> <span class='ocrx_word' id='word_1_133' title='bbox 690 3431 697 3477; x_wconf 95' lang='lat'><strong>:</strong></span> <span class='ocrx_word' id='word_1_134' title='bbox 713 3409 794 3490; x_wconf 87' lang='lat' dir='ltr'><strong>cedo,</strong></span> <span class='ocrx_word' id='word_1_135' title='bbox 812 3408 908 3496; x_wconf 91' lang='lat' dir='ltr'><strong>(loco,</strong></span> <span class='ocrx_word' id='word_1_136' title='bbox 923 3427 962 3478; x_wconf 82' lang='lat' dir='ltr'><strong>ex</strong></span> <span class='ocrx_word' id='word_1_137' title='bbox 980 3407 1078 3498; x_wconf 89' lang='lat' dir='ltr'><strong>loco),</strong></span> <span class='ocrx_word' id='word_1_138' title='bbox 1093 3410 1202 3478; x_wconf 71' lang='lat' dir='ltr'><strong>uredo</strong></span> <span class='ocrx_word' id='word_1_139' title='bbox 1219 3405 1326 3497; x_wconf 92' lang='lat' dir='ltr'><strong>(urbe,</strong></span> 
     </span>
     <span class='ocr_line' id='line_1_18' title="bbox 226 3519 1327 3614; baseline -0.003 -19"><span class='ocrx_word' id='word_1_140' title='bbox 226 3545 268 3595; x_wconf 82' lang='lat' dir='ltr'><strong>en</strong></span> <span class='ocrx_word' id='word_1_141' title='bbox 287 3523 394 3613; x_wconf 91' lang='lat' dir='ltr'><strong>urbe).</strong></span> <span class='ocrx_word' id='word_1_142' title='bbox 414 3523 458 3594; x_wconf 91' lang='lat' dir='ltr'><strong>lis</strong></span> <span class='ocrx_word' id='word_1_143' title='bbox 486 3544 562 3596; x_wconf 83' lang='lat' dir='ltr'><strong>uero</strong></span> <span class='ocrx_word' id='word_1_144' title='bbox 591 3523 698 3595; x_wconf 84' lang='lat' dir='ltr'><strong>uerbis</strong></span> <span class='ocrx_word' id='word_1_145' title='bbox 729 3542 840 3614; x_wconf 87' lang='lat' dir='ltr'><strong>praep.</strong></span> <span class='ocrx_word' id='word_1_146' title='bbox 870 3525 910 3592; x_wconf 87' lang='lat' dir='ltr'><strong>od</strong></span> <span class='ocrx_word' id='word_1_147' title='bbox 941 3521 1152 3608; x_wconf 76' lang='lat' dir='ltr'><strong>subnectitur,</strong></span> <span class='ocrx_word' id='word_1_148' title='bbox 1181 3519 1255 3595; x_wconf 89' lang='lat' dir='ltr'><strong>cum</strong></span> <span class='ocrx_word' id='word_1_149' title='bbox 1286 3522 1327 3593; x_wconf 87' lang='lat' dir='ltr'><strong>ad</strong></span> 
     </span>
     <span class='ocr_line' id='line_1_19' title="bbox 226 3637 1326 3732; baseline -0.002 -22"><span class='ocrx_word' id='word_1_150' title='bbox 226 3660 381 3732; x_wconf 85' lang='lat' dir='ltr'><strong>personas</strong></span> <span class='ocrx_word' id='word_1_151' title='bbox 400 3649 570 3731; x_wconf 89' lang='lat' dir='ltr'><strong>spectaut;</strong></span> <span class='ocrx_word' id='word_1_152' title='bbox 591 3660 702 3731; x_wconf 87' lang='lat' dir='ltr'><strong>praep.</strong></span> <span class='ocrx_word' id='word_1_153' title='bbox 724 3637 911 3729; x_wconf 90' lang='lat' dir='ltr'><strong>saepissimo</strong></span> <span class='ocrx_word' id='word_1_154' title='bbox 929 3638 1046 3709; x_wconf 91' lang='lat' dir='ltr'><strong>iterum</strong></span> <span class='ocrx_word' id='word_1_155' title='bbox 1062 3639 1232 3724; x_wconf 90' lang='lat' dir='ltr'><strong>omittitur,</strong></span> <span class='ocrx_word' id='word_1_156' title='bbox 1252 3659 1326 3709; x_wconf 90' lang='lat' dir='ltr'><strong>cnm</strong></span> 
     </span>
     <span class='ocr_line' id='line_1_20' title="bbox 228 3753 1327 3846; baseline 0 -20"><span class='ocrx_word' id='word_1_157' title='bbox 228 3776 327 3827; x_wconf 90' lang='lat' dir='ltr'><strong>sensu</strong></span> <span class='ocrx_word' id='word_1_158' title='bbox 343 3755 528 3827; x_wconf 84' lang='lat' dir='ltr'><strong>translative</strong></span> <span class='ocrx_word' id='word_1_159' title='bbox 557 3763 613 3826; x_wconf 87' lang='lat' dir='ltr'><strong>aut</strong></span> <span class='ocrx_word' id='word_1_160' title='bbox 640 3754 802 3846; x_wconf 82' lang='lat' dir='ltr'><strong>primitiva</strong></span> <span class='ocrx_word' id='word_1_161' title='bbox 831 3753 1062 3846; x_wconf 84' lang='lat' dir='ltr'><strong>significatione</strong></span> <span class='ocrx_word' id='word_1_162' title='bbox 1088 3755 1180 3827; x_wconf 90' lang='lat' dir='ltr'><strong>aliter</strong></span> <span class='ocrx_word' id='word_1_163' title='bbox 1205 3763 1327 3827; x_wconf 87' lang='lat' dir='ltr'><strong>mutata</strong></span> 
     </span>
     <span class='ocr_line' id='line_1_21' title="bbox 228 3868 439 3961; baseline 0.014 -23"><span class='ocrx_word' id='word_1_164' title='bbox 228 3868 439 3961; x_wconf 89' lang='lat' dir='ltr'><strong>accipiuntur.</strong></span> 
     </span>
    </p>

    <p class='ocr_par' dir='ltr' id='par_1_6' title="bbox 228 3984 1328 4657">
     <span class='ocr_line' id='line_1_22' title="bbox 271 3984 1324 4088; baseline 0.003 -35"><span class='ocrx_word' id='word_1_165' title='bbox 271 3985 428 4077; x_wconf 82' lang='lat' dir='ltr'><strong>vergilius</strong></span> <span class='ocrx_word' id='word_1_166' title='bbox 457 4005 533 4057; x_wconf 83' lang='lat' dir='ltr'><strong>vero</strong></span> <span class='ocrx_word' id='word_1_167' title='bbox 562 4005 661 4069; x_wconf 46' lang='lat' dir='ltr'><strong>nunc,</strong></span> <span class='ocrx_word' id='word_1_168' title='bbox 676 3985 840 4088; x_wconf 84' lang='lat' dir='ltr'><strong>vulgarem</strong></span> <span class='ocrx_word' id='word_1_169' title='bbox 871 3985 1141 4058; x_wconf 91' lang='lat' dir='ltr'><strong>constructionem</strong></span> <span class='ocrx_word' id='word_1_170' title='bbox 1173 3984 1324 4069; x_wconf 87' lang='lat' dir='ltr'><strong>admittit,</strong></span> 
     </span>
     <span class='ocr_line' id='line_1_23' title="bbox 228 4091 1327 4192; baseline -0.002 -21"><span class='ocrx_word' id='word_1_171' title='bbox 228 4119 315 4172; x_wconf 90' lang='lat' dir='ltr'><strong>nnuc</strong></span> <span class='ocrx_word' id='word_1_172' title='bbox 334 4099 374 4170; x_wconf 88' lang='lat' dir='ltr'><strong>ab</strong></span> <span class='ocrx_word' id='word_1_173' title='bbox 392 4100 447 4170; x_wconf 92' lang='lat' dir='ltr'><strong>illa</strong></span> <span class='ocrx_word' id='word_1_174' title='bbox 465 4099 611 4185; x_wconf 85' lang='lat' dir='ltr'><strong>discedit,</strong></span> <span class='ocrx_word' id='word_1_175' title='bbox 637 4109 734 4192; x_wconf 93' lang='lat' dir='ltr'><strong>prout</strong></span> <span class='ocrx_word' id='word_1_176' title='bbox 751 4099 830 4170; x_wconf 88' lang='lat' dir='ltr'><strong>haec</strong></span> <span class='ocrx_word' id='word_1_177' title='bbox 850 4099 899 4170; x_wconf 86' lang='lat' dir='ltr'><strong>vel</strong></span> <span class='ocrx_word' id='word_1_178' title='bbox 923 4100 979 4170; x_wconf 93' lang='lat' dir='ltr'><strong>illa</strong></span> <span class='ocrx_word' id='word_1_179' title='bbox 1002 4091 1196 4173; x_wconf 90' lang='lat' dir='ltr'><strong>constructio</strong></span> <span class='ocrx_word' id='word_1_180' title='bbox 1224 4099 1327 4192; x_wconf 81' lang='lat' dir='ltr'><strong>magis</strong></span> 
     </span>
     <span class='ocr_line' id='line_1_24' title="bbox 228 4215 1328 4309; baseline 0.002 -23"><span class='ocrx_word' id='word_1_181' title='bbox 228 4216 268 4286; x_wconf 88' lang='lat' dir='ltr'><strong>ad</strong></span> <span class='ocrx_word' id='word_1_182' title='bbox 287 4236 458 4287; x_wconf 91' lang='lat' dir='ltr'><strong>nnmerum</strong></span> <span class='ocrx_word' id='word_1_183' title='bbox 473 4215 743 4288; x_wconf 87' lang='lat' dir='ltr'><strong>accommodatur.</strong></span> <span class='ocrx_word' id='word_1_184' title='bbox 772 4216 905 4307; x_wconf 89' lang='lat' dir='ltr'><strong>Saepius</strong></span> <span class='ocrx_word' id='word_1_185' title='bbox 921 4217 1194 4309; x_wconf 89' lang='lat' dir='ltr'><strong>praepositionem</strong></span> <span class='ocrx_word' id='word_1_186' title='bbox 1208 4217 1328 4288; x_wconf 92' lang='lat' dir='ltr'><strong>omittit</strong></span> 
     </span>
     <span class='ocr_line' id='line_1_25' title="bbox 229 4332 1328 4425; baseline 0.002 -22"><span class='ocrx_word' id='word_1_187' title='bbox 229 4341 302 4423; x_wconf 94' lang='lat' dir='ltr'><strong>post</strong></span> <span class='ocrx_word' id='word_1_188' title='bbox 315 4332 413 4403; x_wconf 85' lang='lat' dir='ltr'><strong>verba</strong></span> <span class='ocrx_word' id='word_1_189' title='bbox 424 4332 645 4424; x_wconf 89' lang='lat' dir='ltr'><strong>proficiscendi</strong></span> <span class='ocrx_word' id='word_1_190' title='bbox 656 4341 730 4403; x_wconf 88' lang='lat' dir='ltr'><strong>ante</strong></span> <span class='ocrx_word' id='word_1_191' title='bbox 744 4333 876 4403; x_wconf 91' lang='lat' dir='ltr'><strong>nomina</strong></span> <span class='ocrx_word' id='word_1_192' title='bbox 892 4333 1010 4424; x_wconf 89' lang='lat' dir='ltr'><strong>quibus</strong></span> <span class='ocrx_word' id='word_1_193' title='bbox 1026 4334 1059 4403; x_wconf 92' lang='lat' dir='ltr'><strong>in</strong></span> <span class='ocrx_word' id='word_1_194' title='bbox 1073 4353 1171 4425; x_wconf 91' lang='lat' dir='ltr'><strong>prosa</strong></span> <span class='ocrx_word' id='word_1_195' title='bbox 1184 4334 1328 4406; x_wconf 89' lang='lat' dir='ltr'><strong>oratione</strong></span> 
     </span>
     <span class='ocr_line' id='line_1_26' title="bbox 230 4441 1328 4542; baseline 0.005 -24"><span class='ocrx_word' id='word_1_196' title='bbox 230 4446 382 4540; x_wconf 84' lang='lat' dir='ltr'><strong>subiungi</strong></span> <span class='ocrx_word' id='word_1_197' title='bbox 414 4444 506 4534; x_wconf 90' lang='lat' dir='ltr'><strong>solet,</strong></span> <span class='ocrx_word' id='word_1_198' title='bbox 539 4447 727 4542; x_wconf 84' lang='lat' dir='ltr'><strong>pracsertim</strong></span> <span class='ocrx_word' id='word_1_199' title='bbox 756 4467 830 4521; x_wconf 90' lang='lat' dir='ltr'><strong>cum</strong></span> <span class='ocrx_word' id='word_1_200' title='bbox 860 4447 952 4521; x_wconf 92' lang='lat' dir='ltr'><strong>locali</strong></span> <span class='ocrx_word' id='word_1_201' title='bbox 971 4447 1202 4542; x_wconf 82' lang='lat' dir='ltr'><strong>significatione</strong></span> <span class='ocrx_word' id='word_1_202' title='bbox 1231 4441 1328 4524; x_wconf 90' lang='lat' dir='ltr'><strong>usur-</strong></span> 
     </span>
     <span class='ocr_line' id='line_1_27' title="bbox 231 4572 361 4657; baseline 0 -21"><span class='ocrx_word' id='word_1_203' title='bbox 231 4572 361 4657; x_wconf 91' lang='lat' dir='ltr'><strong>pantur.</strong></span> 
     </span>
    </p>
   </div>
   <div class='ocr_carea' id='block_1_5' title="bbox 0 0 1762 5604">
    <p class='ocr_par' dir='ltr' id='par_1_7' title="bbox 0 0 1762 5604">
     <span class='ocr_line' id='line_1_28' title="bbox 0 0 1762 5604; baseline 0 0"><span class='ocrx_word' id='word_1_204' title='bbox 0 0 1762 5604; x_wconf 95' lang='lat' dir='ltr'><strong> </strong></span> 
     </span>
    </p>
   </div>
  </div>
 </body>
</html>
