3490 5604
658 641 848 714 -us-

202 832 330 918 ceptum
350 826 493 898 subitum
512 828 591 897 miti
614 828 742 920 segnior
760 823 817 900 ito.
843 851 862 897 »
885 831 921 898 A.
944 831 985 910 ΙΙ,
1010 831 1112 898 ent«
1136 827 1195 897 Hei
1221 829 1299 897 uvidi

203 941 308 1032 qualis
321 950 404 1014 erat.
417 994 447 1012 ..
466 967 485 1011 »
500 947 526 1026 Ι,
542 949 599 1014 adt
622 967 640 1012 «
655 943 706 1015 hic
720 947 776 1014 cidi
794 943 915 1015 bellum
932 943 1046 1036 ingens
1060 951 1148 1035 geret
1162 943 1263 1014 ltalia.
1280 966 1299 1011 n
1343 1029 1349 1040 '

203 1058 240 1124 Α.
269 1059 311 1138 ΙΙ,
332 1061 389 1126 6οΙ
417 1081 435 1126 (<
454 1063 523 1129 Non
539 1061 596 1128 tibi
613 1059 801 1150 Tyndaridis
820 1058 915 1130 iacies
932 1057 1035 1127 invisa
1051 1062 1210 1128 Lacaenae
1227 1057 1301 1127 Cul-

204 1180 339 1260 patusve
355 1173 456 1256 Parin,
478 1173 587 1244 divum
606 1174 810 1245 inclementia
827 1214 868 1224 -
887 1177 952 1244 Has
971 1161 1083 1244 evertit
1100 1192 1190 1264 opes.
1218 1195 1237 1240 n
1263 1175 1299 1241 A.

204 1291 263 1370 ΙΙΙ,
279 1293 342 1356 389
360 1311 378 1356 ((
399 1293 476 1358 dum
496 1293 552 1359 ridi
571 1329 612 1341 —
629 1290 759 1361 inventa
777 1288 837 1360 sub
856 1289 983 1360 ilicibus
1001 1308 1057 1359 sus
1076 1327 1116 1338 -
1135 1287 1261 1358 iacebit.
1282 1311 1301 1355 »

205 1383 341 1494 Iungere
355 1412 462 1474 tamen
476 1405 605 1496 possis:
622 1381 752 1476 incente
765 1408 833 1476 titi.
852 1409 890 1474 X.
910 1410 951 1474 88
969 1427 987 1472 v
1007 1409 1112 1475 Nosne
1129 1406 1185 1474 ridi
1200 1403 1302 1474 duras

205 1519 361 1611 Phrygiae
385 1541 437 1590 res
457 1521 699 1593 vertere'fundo
730 1525 916 1616 donamur?
937 1545 955 1589 »
979 1526 1014 1592 E.
1040 1525 1092 1605 IX,
1116 1523 1304 1592 57«ch

207 1655 303 1708 omno
321 1638 377 1706 tibi
396 1645 531 1707 stratum
550 1637 622 1708 silet
639 1658 771 1729 aequor.
790 1661 808 1706 >›

251 1750 296 1822 Gi.
316 1756 388 1822 Xer.
408 1756 524 1822 Heaut.
545 1756 598 1836 lv,
617 1759 650 1836 6,
668 1759 708 1823 td
724 1776 742 1821 «
761 1753 834 1824 Scin
853 1751 910 1822 ubi
928 1771 1014 1823 nunc
1028 1752 1069 1823 sit
1084 1755 1140 1823 vidi
1157 1762 1212 1824 tua
1226 1757 1304 1824 Bac·

208 1868 302 1941 chisi
323 1893 341 1938 a
360 1873 442 1938 Eun.
463 1873 499 1949 V,
516 1873 594 1952 833
611 1892 629 1937 «
649 1869 833 1938 medidiem
852 1857 1027 1940 landast»
1047 1869 1109 1939 Cic.
1127 1873 1231 1953 Atti,
1250 1875 1303 1954 ΙΙ,

207 1992 228 2056 ,5
248 1985 340 2055 «Hic
357 1987 414 2054 eidi
431 1993 536 2056 rostra
554 1989 629 2056 Cato
645 1985 784 2056 advolat.
802 2007 820 2054 v>
837 1984 903 2054 Liv.
920 1988 1027 2067 XXIV,
1048 1989 1089 2054 38
1103 2007 1121 2052 «
1134 1990 1214 2055 Tum
1228 1988 1307 2055 midi

210 2100 393 2172 —turbam
410 2100 560 2172 invadite.
579 2125 596 2167 v
617 2105 709 2171 Lucr.
727 2105 769 2170 ΙΙ.
789 2106 851 2171 86Ι
872 2105 967 2172 «Nec
982 2103 1040 2171 ridi
1052 2120 1104 2172 res
1116 2103 1248 2172 redeant
1266 2101 1306 2172 ad

210 2218 311 2288 nilum
328 2217 473 2288 funditus
500 2237 624 2289 omnes.
647 2217 797 2288 »Catuli
819 2221 926 2300 XXIV,
952 2222 971 2286 Ι
991 2239 1010 2286 c
1037 2217 1163 2289 Mallem
1180 2217 1306 2289 divitias

209 2336 287 2403 midi
316 2333 460 2405 dedisses
477 2334 589 2404 isti...
622 2357 640 2402 a>
671 2364 709 2389 =
736 2356 754 2402 «
782 2333 961 2408 J'aimerais
986 2333 1105 2416 miens,
1135 2354 1219 2423 poor
1235 2355 1308 2404 moe

211 2461 336 2538 cornpte,
357 2469 420 2539 que
443 2458 479 2519 tu
497 2468 609 2520 eusses
627 2447 745 2520 donne.
766 2473 785 2517 »
805 2453 883 2520 Hor.
905 2448 1005 2540 Epist.
1030 2452 1056 2532 Ι,
1078 2453 1110 2533 3,
1131 2453 1172 2518 45
1193 2470 1211 2516 (Ι
1230 2447 1308 2539 qnid

210 2568 288 2636 midi
303 2565 414 2637 Celsus
432 2565 522 2658 agit?
539 2589 557 2634 »

429 2949 447 3034 ξ
466 2953 498 3017 8.
518 2985 558 2996 -
578 2949 713 3020 Dirrvus
733 2940 922 3020 nuu‘vunnrs
940 2964 1087 3020 mssrvrs.

256 3254 346 3326 Nunc
363 3249 514 3341 pervenio
535 3249 575 3321 ad
593 3249 679 3321 hunc
692 3249 788 3322 dativi
806 3270 903 3321 usum
917 3269 981 3342 quo
996 3269 1154 3342 personae
1172 3248 1307 3341 agentis,

215 3385 296 3456 quae
314 3384 388 3436 cum
405 3363 510 3436 verbis
528 3365 665 3456 passivis
684 3365 717 3434 in
736 3365 873 3437 ablativo
899 3386 973 3436 oum
997 3353 1038 3435 ud
1063 3365 1140 3456 poni
1165 3365 1258 3448 solet,
1276 3365 1309 3435 in

215 3481 319 3553 dativo
338 3482 544 3552 construitur.
575 3487 615 3553 Ut
631 3502 706 3554 vero
724 3481 930 3574 dignoscatur
948 3493 1104 3575 quantum
1123 3483 1184 3554 sibi
1197 3491 1310 3574 poetae

214 3597 359 3668 licentiae
372 3597 406 3666 in
420 3597 481 3669 hoc
500 3596 625 3668 dicendi
641 3617 757 3690 genere
773 3607 913 3699 sumant,
935 3617 1018 3690 qnae
1044 3598 1086 3670 sit
1103 3598 1189 3691 apud
1209 3598 1311 3689 scrip-

216 3721 300 3784 tores
313 3731 429 3802 prosae
441 3712 594 3783 orationis
606 3711 748 3783 dativum
762 3732 836 3782 oum
847 3713 976 3804 passivo
987 3712 1085 3785 verbo
1097 3713 1310 3806 coniungendi

216 3828 327 3920 regula
343 3829 453 3920 paucis
467 3828 573 3899 verbis
590 3829 624 3898 in
639 3829 827 3900 memoriam
841 3831 1008 3902 revocabo.

258 3943 351 4035 Apud
367 3943 549 4014 Ciceronem
569 3942 760 4036 pierumque
780 3944 955 4036 gerundivo
974 3945 1006 4014 in
1025 3946 1084 4014 dus
1103 3943 1231 4015 exeunti
1254 3943 1310 4013 da-

216 4057 299 4129 tivus
323 4057 517 4149 adiungitur,
551 4078 783 4150 nonnunquam
812 4067 919 4130 tamen
943 4058 1310 4151 praepositionemcum

217 4175 312 4246 ablat.
333 4173 545 4265 gerundivum
561 4182 635 4265 post
650 4193 686 4245 se
705 4173 811 4246 habet.
828 4215 869 4227 -
886 4180 967 4244 Tum
993 4183 1025 4245 et
1048 4173 1215 4265 participia
1226 4183 1310 4244 tem-

216 4307 359 4380 poraque
375 4287 414 4359 ab
429 4288 468 4358 iis
482 4288 623 4359 derivata
641 4289 726 4380 apud
751 4289 933 4361 Ciceronem
960 4297 1147 4379 ceterosque
1164 4288 1309 4359 eiusdem

218 4404 328 4474 aetatis
353 4403 536 4494 scriptores,
566 4422 750 4496 quanquam
775 4403 977 4495 frequentius
998 4423 1071 4474 cum
1091 4405 1131 4473 od
1146 4412 1177 4474 et
1194 4402 1309 4487 ablat,-

217 4539 447 4610 nonnunquam
458 4528 566 4590 tamen
579 4539 653 4590 cum
665 4519 730 4591 dat.
745 4528 997 4592 construuntur:
1013 4541 1031 4587 «
1046 4521 1128 4590 Mida·
1138 4519 1309 4590 consilium

218 4649 343 4725 coptum
367 4633 488 4706 iamdiu
501 4648 555 4705 cst.
573 4639 698 4706 »Tuon
714 4639 766 4719 IV,
783 4640 836 4719 49,
852 4639 895 4704 rt
912 4657 930 4703 r<
944 4637 1005 4707 dei
1018 4654 1083 4706 non
1095 4648 1170 4707 sunt
1180 4635 1310 4710 activae

1177 4777 1205 4833 10
