3490 5604
714 608 908 710 :cco-

266 817 414 896 amotos
428 824 631 912 scriptoribus
651 829 853 892 memoratas.
881 823 1020 892 »Germ
1042 825 1082 890 16
1110 839 1129 888 κ
1147 820 1256 890 Nullas
1283 823 1361 891 Ger-

264 958 434 1009 manorum
453 939 577 1027 popotts
594 936 691 1007 urbes
708 938 859 1024 babituri.
878 959 896 1004 o
925 932 1007 1006 Hist.
1028 940 1054 1018 Ι,
1075 921 1117 1004 611
1145 915 1361 1006 circheiliits

264 1055 420 1124 Maximus
438 1074 495 1144 per
514 1052 677 1122 avaritiam
697 1060 729 1122 61
752 1052 863 1122 sordes
888 1063 1076 1140 contemptus
1099 1051 1252 1121 caecitui
1280 1051 1361 1121 invi-

265 1191 432 1262 susque.»
460 1172 541 1239 dnn.
566 1173 592 1250 Ι,
621 1172 634 1236 1
659 1189 677 1235 «
698 1167 819 1238 Veteris
846 1167 957 1257 popuii
987 1167 1124 1238 Romani
1139 1183 1295 1258 prospera
1312 1167 1361 1238 vei

264 1287 398 1358 adversa
411 1286 505 1358 claris
519 1288 723 1374 scriptoribus
736 1296 908 1354 memorato
924 1296 1009 1353 suot.
1026 1306 1044 1351 »

411 1699 475 1785 §a
494 1737 533 1746 -
550 1701 684 1770 Dnmvus
703 1709 777 1766 ro‘sr
794 1715 891 1766 vanni
909 1711 1013 1765 norun
1030 1702 1215 1766 vnnl'cmrm.

307 2005 375 2070 Iam
392 2008 519 2069 transeo
536 1998 576 2068 ad
596 1997 798 2068 audaciorem
813 1997 905 2067 iilum
923 1989 1020 2067 dativi
1034 2015 1131 2068 usum
1151 2019 1215 2089 qno
1230 1997 1361 2090 ponitur

264 2119 389 2188 dativus
404 2126 478 2208 post
495 2109 592 2187 verba
610 2124 734 2186 motum
761 2114 881 2186 cnloco
903 2115 935 2184 in
953 2114 1059 2185 iocum
1078 2115 1262 2198 indicantia,
1279 2135 1361 2208 quac
1390 2149 1392 2154 ¹

264 2234 478 2304 accusativum
495 2253 569 2302 cum
588 2251 699 2322 praep.
720 2234 774 2314 od,
799 2234 833 2300 in
854 2239 962 2321 petere
986 2230 1101 2302 soient.
1121 2236 1211 2302 Hanc
1226 2231 1360 2322 quidem

264 2349 365 2420 solam
381 2347 548 2419 accusativi
564 2368 637 2417 cum
649 2347 1039 2438 praep.constructionem
1053 2347 1191 2417 admittit
1203 2347 1360 2439 pedestris

264 2466 376 2536 oratio.
392 2469 507 2535 Poetae
521 2483 597 2533 vero
615 2463 681 2533 iere
695 2483 807 2534 omnes
821 2465 1043 2554 Augustaneae
1070 2463 1193 2546 aetatis,
1223 2463 1305 2534 sicut
1330 2473 1361 2536 61

264 2578 310 2647 iiii
333 2578 388 2669 qui
407 2598 462 2648 eos
479 2586 592 2668 postea
606 2587 682 2646 sunt
707 2577 833 2659 imitati,
860 2575 1048 2666 saepissime
1063 2586 1170 2648 motus
1186 2578 1284 2648 finem
1303 2597 1361 2668 per

264 2692 405 2762 dativum
420 2691 612 2792 significant,
632 2714 662 2762 v.
679 2714 710 2784 g.
727 2697 820 2784 Verg.
838 2695 873 2761 Α.
890 2696 927 2775 V,
944 2696 1000 2762 ter
1024 2715 1041 2760 «
1058 2692 1082 2762 it
1097 2692 1217 2763 clamor
1231 2695 1359 2794 coctu»

264 2806 372 2877 idest:
389 2809 431 2876 od
448 2807 626 2876 6661166.-
638 2810 674 2876 A.
689 2811 715 2890 Ι,
735 2808 797 2877 ddi
818 2829 836 2874 u
853 2813 1025 2878 Portantnr
1042 2808 1128 2878 avari
1143 2807 1360 2898 Pygmalionis

264 2943 341 3013 opes
357 2925 477 3012 potopo.
495 2946 512 2991 ›>
528 2925 584 3011 (=
596 2922 636 2993 ad
648 2923 794 3014 pelagus,
810 2923 843 2993 in
859 2925 984 3012 naves.)

307 3041 425 3107 Omnes
442 3037 626 3128 usquedum
651 3047 855 3108 enumeratae
873 3038 1070 3129 Vergilianas
1088 3027 1242 3108 orationis
1261 3037 1360 3108 licen·

262 3153 324 3224 tiae
338 3154 423 3245 apud
435 3155 598 3245 prosaicos
613 3156 707 3226 etiam
723 3156 893 3246 scriptores
908 3155 960 3225 hic
974 3163 1005 3225 et
1018 3155 1084 3225 iilic
1098 3161 1281 3226 occurrunt.
1302 3152 1361 3222 Hic

263 3287 337 3337 vero
350 3268 446 3338 dativi
457 3289 538 3338 usus
551 3268 591 3339 ad
605 3263 885 3360 interrogationem
898 3289 957 3357 poc
972 3269 1196 3360 respondentis
1209 3275 1242 3340 et
1252 3279 1360 3360 partes

263 3383 432 3453 accusativi
448 3403 521 3454 cnm
539 3387 594 3467 od,
611 3379 645 3452 io
663 3383 801 3475 gerentis
815 3384 956 3475 poeticae
971 3385 1125 3455 orationis
1143 3369 1294 3476 proprius
1308 3405 1360 3455 re-

262 3497 380 3568 mansit
394 3519 452 3569 nec
465 3499 505 3569 ab
519 3499 585 3570 uilo
614 3519 728 3570 aureae
753 3499 864 3568 aetatis
878 3499 1025 3590 prosaico
1053 3501 1208 3591 scriptore
1221 3500 1359 3591 hospitio

262 3623 410 3704 acceptus
428 3623 487 3684 est.
502 3617 622 3685 Censeo
637 3614 734 3706 igitur
751 3633 816 3685 non
837 3617 914 3685 satis
928 3636 1000 3686 esse
1016 3617 1043 3686 si
1058 3616 1141 3688 hanc
1156 3617 1359 3709 singularita-

263 3736 327 3796 tem
347 3727 445 3818 digito
463 3727 708 3798 monstraverim
727 3736 757 3797 et
772 3729 919 3818 exempla
931 3749 970 3799 en
984 3731 1121 3822 Vergilio
1140 3731 1271 3801 collecta
1284 3750 1360 3822 pro-

263 3840 402 3911 tulerim.
432 3846 496 3912 Res
522 3851 571 3913 est
597 3842 675 3912 mihi
706 3842 828 3913 ratione
855 3841 1038 3934 diligentius
1066 3845 1297 3937 investiganda,
1328 3853 1359 3914 61

262 3957 373 4048 paucis
387 3957 623 4047 explanandum
637 3959 723 4028 unde
738 3958 789 4028 hic
803 3979 883 4028 usus
897 3960 1051 4051 originem
1068 3961 1182 4032 trahat.

304 4071 495 4160 Priusquam
524 4073 628 4162 ipsam
648 4073 686 4143 de
711 4093 748 4143 ea
771 4093 805 4143 rc
824 4072 1000 4144 doctrinam
1033 4076 1211 4167 aggredior,
1246 4095 1357 4146 omnes

261 4186 389 4276 Vergilii
403 4187 489 4257 iocos
508 4187 541 4256 in
560 4187 677 4278 quibus
696 4187 821 4257 dativus
839 4197 913 4278 post
931 4189 1028 4259 verba
1041 4199 1163 4260 motum
1187 4190 1358 4260 indicantia

261 4300 403 4391 ponitur,
435 4301 612 4372 secundum
643 4303 783 4373 nominis
816 4304 934 4373 exitum
968 4313 999 4374 61
1024 4303 1160 4375 formam
1180 4305 1356 4389 ordinatos

261 4416 468 4488 enumerabo.

305 4530 528 4604 Libentissime
541 4533 694 4625 profiteor
721 4551 772 4604 me
786 4533 865 4604 nihil
879 4531 966 4606 aliud
994 4535 1107 4607 iecisse
1132 4554 1228 4628 quam
1248 4534 1356 4607 elabo-

205 4651 207 4656 ’
260 4650 456 4728 ratissimam
478 4661 510 4726 et
528 4640 798 4727 accuratissimam
827 4651 1083 4734 dissertationem
1113 4654 1145 4726 in
1172 4653 1363 4747 angustiora·
