3540 5612
851 619 1045 690 -214-.

396 826 414 872 v
433 823 499 893 peu
522 812 554 874 te
570 803 692 891 regione
705 801 833 892 reliqui.
852 823 872 868 v
891 803 945 884 v1,
962 803 1026 870 887
1045 821 1062 867 4
1080 811 1147 870 totu
1159 800 1282 888 regione
1295 807 1499 891 vagantur.»

395 923 479 1003 ΙΙΙΙΙ,
498 923 563 988 528
581 940 599 985 v
619 907 750 990 4401110
769 919 891 1005 replere
908 936 1028 986 serene.
1047 939 1065 983 »
1081 915 1126 985 Cf.
1144 915 1211 985 Liv.
1231 918 1268 997 V,
1289 921 1320 997 8,
1342 919 1362 984 7
1383 938 1401 984 v
1419 914 1502 988 forte

394 1057 431 1106 40
449 1037 582 1123 regione,
604 1054 669 1124 qua
686 1037 727 1102 Μ.
748 1033 880 1124 Sergius
895 1072 937 1084 -
955 1040 1114 1123 praeerat,
1131 1039 1237 1103 eastra
1252 1030 1356 1104 adorti
1374 1039 1462 1102 sunt.
1480 1055 1499 1098 0

395 1155 453 1234 ΙΙΙ,
471 1155 526 1234 66,
543 1156 563 1221 5
578 1172 597 1218 4
610 1149 650 1220 ad
663 1148 792 1220 muenia
805 1148 876 1240 ipsa
888 1152 1010 1221 Romae
1025 1147 1383 1240 populabundiregione
1390 1162 1502 1238 portae

395 1268 579 1356 Esquilinae
594 1284 771 1336 arcessere.
795 1287 812 1332 »

440 1464 510 1531 Huc
532 1459 671 1551 pertinet
693 1461 779 1542 bello,
805 1460 892 1551 quod
915 1460 1070 1552 temporis
1090 1468 1121 1531 et
1138 1460 1200 1533 1041
1220 1460 1384 1531 notionem
1404 1460 1502 1531 simul

396 1575 560 1649 continere
579 1575 717 1659 videtur,
733 1585 764 1646 et
779 1576 865 1668 apud
884 1575 1059 1668 Vergilium
1078 1576 1230 1668 frequens
1249 1576 1398 1648 oeeurrit.
1421 1581 1504 1647 Sunt

397 1701 504 1764 tamen
525 1692 580 1783 qui
600 1694 674 1761 betto
691 1693 821 1783 saepius
841 1711 914 1762 esse
933 1692 1076 1762 dativum
1100 1693 1262 1764 commodi
1285 1694 1334 1763 vel
1359 1693 1501 1776 finalem,

397 1828 463 1880 nnn
475 1806 650 1878 ablativum
665 1807 726 1878 lori
738 1808 953 1898 auttemporis
968 1808 1247 1878 censeantllnltis
1263 1808 1295 1878 in
1308 1809 1386 1880 loeis
1401 1809 1505 1879 ineer-

397 1930 467 1992 tum
482 1942 554 1993 esse
570 1942 680 1992 casum
697 1922 808 1993 lateur.
826 1923 889 1992 Sed
903 1923 936 1991 in
955 1923 1166 2014 sequentibus
1185 1943 1251 1994 non
1270 1932 1378 2015 potest
1394 1924 1505 2014 negari

397 2037 572 2108 ablativum
590 2058 686 2109 esse:
708 2041 743 2108 l.
760 2042 814 2120 111,
832 2043 895 2107 589
916 2062 935 2105 v
955 2048 1024 2108 tum
1041 2039 1183 2129 primum
1203 2041 1277 2108 bello
1298 2040 1434 2110 celerem
1453 2039 1505 2108 in-

397 2151 540 2248 tendisse
558 2152 718 2243 sagittam.
736 2176 754 2221 »
779 2155 791 2241 (
810 2183 842 2210 ==
868 2161 937 2222 tum
956 2152 1098 2244 primum
1117 2151 1203 2223 bello
1223 2153 1345 2236 aderat,
1367 2152 1506 2224 inbelle

398 2263 613 2354 versabatur).
635 2269 689 2348 ΙΙΙ,
710 2271 774 2338 363
794 2291 812 2335 v
833 2255 926 2338 nulla
940 2266 1028 2337 salus
1048 2269 1122 2336 betto
1141 2290 1159 2334 »
1180 2269 1245 2347 t:
1263 2268 1296 2337 in
1315 2266 1400 2339 bello
1416 2267 1503 2357 sita).

304 2425 306 2429 -
398 2384 468 2462 xll,
489 2384 568 2448 la«
588 2381 783 2471 respiceres
804 2386 877 2452 bello
901 2382 1017 2452 varias.
1040 2405 1058 2450 »
1081 2385 1151 2464 llll,
1178 2386 1241 2451 347
1266 2404 1284 2449 «
1304 2383 1412 2472 proles
1432 2385 1507 2452 bello

400 2497 563 2589 praeclara
579 2496 723 2567 Dolonis.
740 2501 809 2567 »1.
825 2503 853 2581 l,
872 2505 924 2568 5«
940 2497 1040 2568 Multa
1057 2517 1187 2588 queque
1202 2506 1233 2568 et
1248 2500 1321 2567 bello
1339 2518 1467 2590 passus.
1487 2522 1506 2565 »

401 2620 464 2686 330
476 2637 494 2683 «
506 2635 608 2707 genus
621 2615 820 2687 intractabile
835 2619 922 2687 bello.
933 2641 950 2684 »
967 2620 1029 2686 444
1044 2639 1062 2683 v
1076 2619 1150 2685 bello
1164 2618 1324 2708 egregiam
1337 2626 1506 2708 gentem.»

404 2735 456 2814 vl,
479 2735 541 2800 478
562 2757 577 2795 «
599 2732 682 2800 Bello
702 2732 789 2802 clari.
815 2737 888 2815 all,
911 2738 973 2801 l85
993 2760 1008 2796 «
1030 2731 1183 2824 Ligurum
1200 2731 1314 2803 duntur
1332 2732 1508 2803 fortissime

401 2849 486 2917 bello.
512 2873 527 2910 r
550 2887 590 2897 -
614 2851 675 2918 Pro
700 2847 806 2919 dativo
830 2847 940 2919 baberi
965 2857 1072 2938 potest
1093 2851 1147 2930 lli,
1171 2851 1235 2916 338
1258 2876 1273 2912 0
1297 2848 1411 2940 frigida
1433 2851 1508 2918 bello

402 2964 542 3036 dextera.
566 2990 581 3026 v
602 2966 666 3052 (=
684 2965 724 3036 ad
743 2964 893 3053 bellum),
914 2965 1151 3057 quodquidam
1172 2965 1363 3037 uuniirmare
1382 2965 1509 3036 videtur

295 3103 297 3107 ·
402 3084 439 3152 G.
456 3086 513 3165 ΙΙΙ,
536 3087 575 3151 97
597 3110 612 3147 «
632 3085 771 3172 frigidus
793 3086 828 3152 tn
848 3087 990 3154 Venerem
1006 3082 1124 3152 senior.
1150 3108 1164 3144 0
1184 3087 1237 3164 lll,
1255 3081 1350 3151 878«
1368 3081 1508 3151 belluin—
1540 3072 1543 3076 ’

402 3198 485 3269 vieta
499 3195 640 3269 dextera.
662 3203 727 3281 »1,
745 3201 808 3268 rel
824 3226 838 3264 «
857 3201 931 3267 belle
945 3197 1049 3267 vivida
1061 3198 1175 3267 virtus.
1193 3224 1208 3260 s
1225 3201 1281 3284 (=
1303 3198 1342 3268 ad
1357 3197 1506 3286 bellum).

403 3316 439 3382 Α.
460 3317 502 3394 ΙΙ,
523 3317 586 3392 315
608 3341 622 3376 v
647 3314 709 3384 Sed
728 3314 907 3405 glomerare
926 3333 1058 3384 manum
1078 3315 1162 3382 belle.
1189 3339 1203 3376 v
1224 3317 1281 3395 ΙΙΙ,
1303 3317 1365 3383 540
1387 3342 1402 3378 n
1424 3316 1509 3383 Belle

404 3437 570 3500 armantur
587 3429 674 3518 equi.
696 3457 710 3491 n
731 3433 798 3512 Vll,
816 3434 879 3500 483
896 3457 910 3492 n
930 3431 1003 3498 bello
1012 3429 1146 3518 animos
1161 3429 1304 3499 accendit
1319 3437 1472 3520 agrestes.
1493 3455 1508 3492 »

405 3545 467 3616 Sed
486 3565 560 3614 eum
578 3545 682 3615 allatis
707 3566 807 3637 supra
828 3546 907 3617 lueis
926 3545 1100 3616 ablativum
1124 3565 1197 3615 esse
1221 3554 1356 3627 constet,
1379 3566 1506 3629 censeo,

405 3661 601 3751 ubicumque
624 3680 718 3731 nasus
738 3662 842 3732 turma
862 3661 1004 3732 incertus
1028 3661 1080 3744 sit,
1100 3681 1159 3752 per
1181 3661 1356 3732 ablativum
1374 3661 1511 3733 luentiu-

406 3796 481 3848 nem
495 3775 768 3865 interpretandam
782 3796 865 3846 esse.
885 3775 930 3846 Cf.
946 3781 1024 3846 Her.
1042 3776 1100 3846 0d.
1118 3781 1143 3858 l,
1162 3781 1215 3860 lt,
1233 3781 1274 3846 lu
1290 3805 1305 3842 «
1324 3777 1454 3847 Curium
1468 3817 1508 3827 -

406 3891 518 3961 utilem
537 3891 620 3958 betto.
641 3915 656 3952 v
677 3895 730 3972 32,
752 3896 801 3959 6«
822 3891 997 3961 [arundello
1017 3918 1031 3954 v
1053 3891 1221 3986 (patetphie
1239 3894 1313 3961 bello
1333 3892 1510 3964 40001004-

407 4006 535 4092 tivum).
552 4005 611 4075 Od.
633 4007 674 4087 ΙΙ,
698 4010 750 4089 16,
772 4013 823 4075 5«
847 4009 920 4075 betto
941 4006 1063 4077 furiosa
1077 4007 1208 4078 Thrace.
1231 4033 1246 4070 »

451 4163 486 4228 7⁰
502 4163 580 4230 Cum
594 4161 748 4231 accedunt
764 4160 918 4230 adieetiva
931 4175 1025 4259 totns,
1045 4165 1156 4245 omnis,
1172 4164 1351 4246 uniuersus,
1370 4182 1512 4232 summus

410 4272 610 4344 substantivo
635 4275 741 4345 lneum
760 4274 951 4366 designanti,
975 4284 1092 4366 petest,
1112 4276 1161 4346 vel
1182 4275 1214 4345 in
1236 4297 1333 4366 prosa
1354 4277 1511 4360 eratione,

409 4409 520 4479 praep.
538 4388 653 4460 emitti.
668 4390 730 4460 Cir.
748 4410 805 4482 pru
822 4391 981 4460 1140026
997 4413 1014 4458 v
1033 4396 1104 4460 Toto
1118 4395 1188 4460 orbe
1200 4401 1371 4462 terrarum.
1389 4415 1407 4460 r>
1420 4397 1511 4462 Brut.

410 4509 446 4574 el
471 4526 488 4571 d
510 4510 587 4574 Tota
605 4506 681 4575 Asia
697 4505 940 4576 disertissimus.
960 4506 1120 4590 »Liv.11,
1139 4512 1192 4590 45,
1216 4513 1250 4576 ll
1272 4530 1290 4576 0
1305 4510 1386 4578 Totis
1401 4512 1514 4577 rustris

409 4620 554 4712 undique
581 4621 621 4692 ad
651 4622 800 4722 eonsules
831 4622 1042 4704 eonsumitur.
1077 4628 1229 4710 »XXVL
1259 4627 1312 4706 44,
1345 4630 1364 4694 5
1392 4645 1409 4691 v
1437 4628 1514 4695 Tota
