3528 5604
928 595 1099 665 ...Ἰῇ-

510 776 576 848 civ.
594 775 688 857 XXX,
707 778 741 856 9,
762 777 776 842 l
802 773 987 862 «eruditis
1005 772 1154 840 militum.
1184 792 1203 836 a
1229 769 1336 851 xxti,
1359 773 1393 850 5,
1413 771 1472 836 3«
1491 785 1577 836 cum

466 893 587 962 6666666
602 890 756 980 peditum.
776 911 795 955 a
815 893 887 958 Tac.
909 890 944 956 Α.
974 889 1030 955 ΙΙΙ.
1051 890 1093 954 39
1117 885 1225 953 «bum
1243 884 1428 953 cohortium.
1446 905 1464 949 »
1480 880 1575 951 Plin.

467 1011 550 1090 lllll,
571 1010 613 1076 73
631 1008 782 1075 unorum
797 1005 908 1091 corae
935 1001 1061 1071 nullum
1081 1000 1221 1071 colorem
1239 997 1401 1068 bibunt.»
1424 1000 1480 1079 ΙΙΙ,
1503 1001 1544 1064 tl
1555 1001 1569 1064 l

467 1123 788 1210 «undecuma
800 1095 863 1190 sub
879 1119 988 1189 alvum
1008 1116 1154 1207 (medas)
1169 1113 1347 1188 reflectunt.
1365 1137 1384 1182 6
1402 1117 1491 1200 curt.
1512 1115 1575 1195 lv,

468 1245 501 1323 2,
520 1246 543 1310 5
560 1261 579 1306 c
599 1239 747 1328 captim
759 1237 963 1324 [mrim.
983 1257 1003 1301 a
1377 1221 1378 1224 ¹

496 1432 563 1525 u)
582 1431 746 1503 dotandus
773 1438 822 1502 est
836 1429 973 1520 denique
997 1427 1134 1520 genetivi
1157 1427 1298 1518 partitivi
1319 1447 1412 1510 usus,
1439 1424 1576 1496 Graecis

470 1547 562 1619 valde
575 1547 740 1618 familiaris
758 1553 790 1617 et
807 1544 940 1616 omnino
959 1542 1159 1625 Homericus,
1180 1562 1244 1634 quo
1263 1562 1328 1614 non
1342 1541 1439 1613 modo
1454 1561 1578 1633 super-

470 1665 578 1747 lativo,
604 1664 661 1736 sed
687 1664 783 1734 etiam
807 1662 944 1753 positive
967 1660 1000 1730 in
1030 1658 1185 1750 singulari
1208 1659 1374 1752 genetivus
1400 1658 1577 1750 partitivus

472 1781 638 1852 subicitur.
659 1783 694 1849 l.
723 1784 776 1862 lv,
795 1784 858 1850 576
877 1802 896 1846 «
916 1779 1087 1870 Sequimur
1105 1786 1148 1861 te,
1177 1789 1282 1845 socctc
1300 1777 1439 1844 deorum
1462 1798 1481 1842 6
1505 1779 1577 1844 En-

471 1897 562 1968 nium
576 1899 668 1987 Verg.
690 1894 832 1965 imitatus
846 1903 895 1964 est
912 1897 993 1964 dnn.
1012 1897 1039 1978 Ι,
1062 1898 1124 1962 666
1145 1915 1163 1959 «
1182 1893 1238 1960 dic
1255 1893 1398 1961 deorum.
1419 1894 1446 1973 Ι,
1467 1889 1508 1960 ir.
1529 1894 1576 1960 66

474 2033 492 2077 «
511 2010 689 2102 Respondit
707 2014 788 2081 lune
811 2009 970 2092 Saturnia,
998 2022 1110 2079 scorto
1127 2009 1281 2090 daurom
1311 2028 1329 2073 »
1350 2009 1466 2076 Graece
1484 2005 1575 2096 apud

474 2127 650 2195 Homerum
664 2148 672 2194 :
694 2137 841 2217 ἀριδείκετος
861 2136 955 2218 ἀνδρῶν
965 2175 1004 2186 -
1014 2136 1056 2196 δῖα
1066 2141 1162 2195 θεάων.
1173 2173 1212 2184 -
1222 2134 1264 2194 δῖα
1278 2144 1411 2214 γυναικῶν.

518 2252 579 2324 Sed
605 2253 656 2324 bic
681 2254 846 2346 genetivus
864 2253 1065 2346 paululuma
1083 2253 1178 2324 solita
1191 2250 1320 2342 positivi
1339 2249 1576 2342 significatione

476 2365 645 2458 discrepat.
671 2371 749 2438 Nam
773 2377 878 2460 genet.
899 2367 1067 2460 partitivus
1087 2367 1231 2459 singulas
1248 2366 1347 2437 totius
1365 2373 1473 2456 partes
1487 2361 1575 2434 desi-

477 2503 574 2574 gnare
593 2483 685 2566 solet,
704 2503 787 2574 quae
813 2504 832 2553 a
856 2483 970 2555 ceteris
995 2483 1233 2553 discernuntur.
1254 2482 1313 2552 Hic
1330 2501 1405 2552 vero
1430 2500 1495 2551 non
1519 2479 1575 2549 ille

477 2601 557 2671 deus
571 2598 775 2692 singulariter
787 2621 806 2670 6
817 2600 968 2692 loquente
984 2609 1145 2692 spectatur
1157 2609 1187 2670 et
1203 2598 1347 2670 aceteris
1364 2597 1570 2678 discernitur;

478 2715 535 2786 sed
561 2738 579 2783 «
604 2730 709 2786 soccte
735 2719 862 2786 deorum
890 2715 1013 2786 »idem
1042 2717 1173 2788 omnino
1193 2716 1276 2786 valet
1304 2722 1401 2805 atque
1427 2720 1573 2783 «sancte

478 2831 609 2914 deus‚'>›
633 2831 771 2922 quadam
798 2841 904 2902 tamen
931 2831 1125 2903 laudationis
1144 2831 1274 2918 notione
1294 2829 1444 2901 adiuncta
1461 2829 1501 2899 ad
1519 2849 1573 2898 su-

479 2946 623 3038 perlativi
638 2947 801 3018 notionem
816 2947 994 3020 accedente.

522 3077 620 3147 Plane
636 3087 743 3148 autem
757 3077 937 3150 laudativus
951 3078 1037 3170 apud
1062 3077 1237 3170 Vergilium
1260 3085 1310 3148 est
1335 3077 1471 3170 genetivi
1495 3096 1572 3146 usus

480 3201 554 3282 post
579 3192 820 3283 superlativum,
847 3193 903 3264 ubi
927 3194 1010 3266 alius
1039 3213 1144 3275 casus,
1174 3192 1369 3282 superlativo
1395 3192 1569 3283 appositus,
1604 3200 1607 3204 ’
1687 3195 1688 3204 ’

482 3313 592 3395 posset
606 3304 761 3376 adhiberi.
779 3309 815 3375 d.
830 3311 915 3388 Vlll,
930 3312 992 3400 l5l
1008 3329 1026 3375 e
1040 3306 1213 3378 fortissime
1228 3313 1392 3377 renuam.
1411 3311 1494 3389 »XL
1511 3311 1571 3376 5l3

484 3424 649 3490 «somnae
677 3423 769 3490 deum
791 3423 916 3513 Apollo.
944 3446 963 3490 a
991 3423 1084 3506 Quod
1113 3423 1243 3514 quidem
1269 3423 1344 3513 plus
1370 3421 1454 3492 valet
1480 3442 1571 3512 quam

486 3557 504 3604 6
522 3539 646 3606 somme
667 3539 753 3606 deos.
783 3561 801 3605 a
825 3541 933 3629 lleque
950 3547 1057 3609 66666
1084 3539 1153 3610 vult
1168 3548 1263 3630 poeta
1277 3519 1382 3609 dicere
1398 3538 1571 3628 Apollinem

486 3650 662 3721 maximum
676 3671 717 3720 en
733 3651 794 3721 diis
819 3671 901 3735 esse,
922 3654 978 3724 sed
992 3655 1100 3746 ipsum
1126 3675 1290 3746 magnum,
1308 3674 1472 3724 summum
1492 3674 1568 3724 esse.

486 3789 504 3834 6
521 3771 645 3836 Summe
669 3769 771 3850 deum,
800 3767 930 3840 adnotat
953 3778 1037 3841 reete
1055 3770 1196 3852 Servius,
1226 3790 1266 3840 ex
1294 3769 1409 3840 aiiectu
1442 3770 1566 3842 colentis

487 3881 612 3951 dicitur.
630 3903 648 3948 a
1102 3879 1108 3888 '

531 4014 686 4106 Vergilius
709 4015 919 4088 libentissime
940 4016 1036 4088 etiam
1059 4017 1123 4086 vim
1146 4016 1331 4108 superlativi
1354 4026 1449 4108 auget
1472 4015 1570 4086 addito

487 4127 632 4220 genetivo
651 4129 847 4201 substantivi·
853 4131 1011 4222 generalis
1028 4139 1059 4202 et
1077 4131 1226 4202 abstracti
1244 4143 1362 4202 rerum.
1390 4135 1476 4201 Haeo
1503 4150 1569 4200 vero

488 4243 618 4327 incutio,
633 4245 720 4335 apud
732 4245 874 4317 Taciturn
887 4246 1064 4331 tritissima,
1081 4267 1176 4336 saepe
1191 4255 1323 4337 propter
1342 4246 1443 4316 solam
1459 4266 1568 4316 sermo·
1652 4283 1656 4295 ·

489 4358 540 4427 nis
555 4359 751 4450 velegantiam
765 4369 796 4432 et
815 4361 1060 4432 concinnitatem
1074 4360 1254 4431 adhibetur.
1274 4364 1311 4430 G.
1332 4365 1374 4443 ΙΙ,
1395 4364 1491 4430 6366
1513 4365 1568 4432 llo·

489 4473 635 4544 maiacta
648 4477 922 4565 estpclcbcrrt'mo
944 4493 1062 4546 rerom.
1081 4480 1147 4559 Vll,
1176 4482 1239 4546 666
1255 4499 1272 4543 6
1295 4480 1409 4559 Roma,
1439 4479 1568 4546 mommo

488 4610 606 4662 rorem.
626 4591 676 4662 dl.
694 4593 751 4663 On:
767 4597 840 4664 llet.
860 4596 944 4674 v111,
962 4595 1004 4661 ta
1026 4592 1093 4662 «si
1112 4612 1194 4684 quae
1210 4600 1241 4664 te
1258 4591 1381 4685 genuit,
1405 4591 1490 4675 talis,
1506 4595 1568 4682 pct-
