3528 5604
917 667 1089 734 42..

454 849 564 917 «Uret
575 846 730 918 Achaicus
743 845 827 938 ignis
840 845 960 917 Iliacos
978 845 1105 918 domos.
1122 843 1205 927 6ΙΙΙ,
1224 848 1277 926 Ι2,
1299 846 1340 912 68
1358 865 1377 910 6
1392 840 1454 926 Qui
1467 861 1557 912 nunc

452 964 600 1052 Sulpiciis
618 962 751 1033 accubat
778 962 914 1034 horreis.
942 966 1016 1032 »In
1043 981 1141 1054 prosa
1162 961 1241 1032 haec
1268 960 1464 1032 constructio
1491 979 1556 1029 usu

454 1076 540 1147 venit
557 1085 681 1147 tantum
707 1077 747 1148 ad
779 1076 999 1168 adoptatorem
1022 1086 1054 1147 et
1085 1076 1275 1168 magistrum
1305 1074 1553 1168 designandum,

454 1192 591 1284 quodvfit
604 1193 824 1283 patronymico
836 1193 990 1264 adiectiro
1002 1191 1297 1293 nomini'personae
1311 1211 1394 1283 quae
1405 1190 1557 1282 adoptata

454 1316 503 1378 est
535 1308 690 1399 reiquae
720 1306 863 1390 docetur,
898 1307 1113 1378 subiciendo:
1148 1306 1556 1397 «summonitiones»
1613 1350 1616 1355 -

455 1425 517 1495 uic.
537 1429 631 1494 Tusc.
662 1428 704 1506 ΙΙ,
726 1429 781 1507 26,
805 1429 848 1495 62
873 1446 891 1491 6
919 1426 1084 1514 Xenophon
1109 1426 1300 1495 Socraticus.
1319 1446 1336 1490 6
1373 1427 1415 1505 ΙΙ,
1436 1427 1492 1504 22,
1513 1427 1558 1492 52

455 1541 705 1612 «enocerotas
720 1541 975 1615 Democritius.»
1548 1557 1550 1564 ·

644 1926 662 2012 ξ
681 1930 714 1995 6.
733 1963 772 1980 --
788 1926 964 1997 Gruenrus
983 1941 1130 1998 corrosus
1148 1941 1205 1994 666
1222 1940 1365 1994 omcrms.

501 2230 538 2296 In
557 2226 702 2318 genetivo
721 2227 853 2318 ponitur
870 2247 923 2298 res
941 2227 991 2298 vel
1008 2246 1147 2319 persona
1164 2247 1184 2296 6
1201 2241 1266 2319 qua
1291 2225 1368 2317 quid
1387 2225 1491 2296 oritur
1509 2225 1560 2296 66Ι

458 2343 576 2413 foetum
594 2351 654 2413 est.
672 2346 751 2413 Cum
765 2343 910 2434 genetivo
927 2343 1112 2434 possessivo
1132 2342 1223 2414 raldo
1242 2341 1347 2413 affinis
1368 2351 1417 2412 est
1437 2341 1562 2433 geneti-

408 2449 409 2454 ’
459 2479 518 2530 rus
532 2457 671 2530 auctoris
686 2482 694 2542 ;
715 2458 861 2550 namqui
879 2459 1020 2550 aliquam
1038 2479 1107 2530 rem
1134 2457 1280 2541 coniecit,
1297 2458 1326 2528 is
1343 2465 1393 2527 est
1416 2457 1486 2526 eius
1513 2455 1561 2526 rei

458 2593 640 2666 possessor.
660 2578 696 2644 E.
716 2579 773 2658 ΙΙΙ,
792 2579 868 2644 376
889 2575 1051 2646 caelatum
1070 2577 1171 2645 divini
1189 2595 1273 2665 opus
1291 2574 1521 2644 Alcimedontis.
1541 2595 1561 2640 6

458 2692 511 2771 ΙΙΙ,
527 2691 569 2758 49
588 2693 699 2758 «Cara
716 2691 808 2759 deum
827 2689 970 2772 suboles,
992 2709 1145 2781 magnum
1168 2692 1252 2759 Iovis
1272 2687 1518 2760 incrementum.
1542 2710 1561 2755 »

458 2807 525 2877 Hae
538 2805 715 2876 locutiones
730 2805 916 2896 similesque
931 2805 1011 2876 aliae
1025 2806 1120 2897 plane
1134 2805 1333 2896 Vergilianae
1348 2814 1424 2875 sunt
1438 2813 1470 2874 et
1482 2823 1563 2894 poe-

458 2919 549 3003 ticae,
570 2918 603 2988 in
622 2917 740 3011 quibus
754 2919 913 3010 appositio
927 2918 1099 2990 vorborum
1117 2939 1206 3008 opos,
1226 2922 1357 3003 soboles,
1370 2921 1473 3008 proies
1487 2939 1562 2988 cum

459 3035 604 3125 genetivo
631 3034 770 3106 auctoris
795 3035 969 3125 quamdam
991 3033 1114 3108 notioni
1140 3034 1397 3126 magnitudinem
1425 3035 1560 3106 addunt.

459 3150 518 3238 (uf.
535 3151 574 3219 de
592 3169 630 3220 66
647 3149 860 3244 appositionis
878 3169 994 3241 genere
1011 3171 1044 3240 p.
1067 3152 1136 3238 78).
1153 3154 1190 3220 Α.
1210 3155 1237 3234 Ι,
1268 3155 1332 3222 329
1361 3174 1379 3218 6
1398 3155 1444 3220 nn
1463 3156 1562 3241 Nym-

458 3265 597 3356 pharum
612 3267 779 3354 soopoiois
791 3286 868 3334 una.
885 3288 904 3334 6
923 3270 950 3350 Ι,
972 3270 1035 3335 338
1053 3265 1174 3336 Punica
1202 3286 1301 3357 regna
1328 3265 1429 3349 vides,
1450 3267 1562 3356 Tyrios

459 3389 491 3450 et
516 3382 663 3468 Apcnoris
688 3379 815 3452 urbem.
836 3404 854 3449 6
875 3359 939 3450 356
959 3403 977 3448 6
997 3385 1198 3472 caecumque
1211 3385 1322 3452 domos
1341 3381 1446 3454 scelus
1465 3403 1563 3453 omne

459 3495 585 3568 retexit.
609 3519 627 3564 6
655 3500 713 3579 ΙΙΙ,
742 3501 784 3566 59
809 3519 827 3564 6
857 3502 999 3569 Monstra
1013 3501 1104 3570 6666
1118 3497 1234 3568 refero.
1253 3521 1270 3566 6
1288 3503 1346 3568 336
1372 3502 1565 3570 «Scotorum

362 3632 366 3640 ·
459 3611 564 3690 Furiis
592 3612 729 3704 agitatos
757 3615 898 3703 Orestes.
921 3637 938 3682 6
955 3617 1007 3697 ΙΙΙ,
1036 3618 1077 3683 36
1104 3619 1278 3706 «Aegram
1298 3614 1379 3684 nulli
1397 3615 1564 3706 quondam

459 3724 576 3796 ssexere
590 3725 708 3809 mariti,
728 3729 797 3796 Non
810 3730 937 3816 Libyae,
953 3746 1019 3797 non
1035 3734 1109 3798 ante
1129 3731 1221 3814 Tpro.
1243 3749 1261 3794 6
1283 3729 1377 3815 (Nota
1394 3727 1447 3798 hic
1463 3727 1564 3820 origi·

383 3829 384 3832 '
460 3861 535 3912 nem
549 3842 645 3912 simul
659 3862 718 3934 per
731 3844 913 3935 genetivum
928 3852 959 3914 et
972 3843 1068 3914 ablat.
1087 3843 1246 3932 indicari).
1261 3848 1288 3923 Ι,
1304 3849 1368 3916 323
1381 3867 1399 3912 6
1413 3844 1564 3916 Succinc-

459 3965 525 4028 tam
544 3958 683 4049 tegmine
698 3961 808 4049 tpncis.
829 3965 915 4042 617,
933 3965 996 4029 565
1017 3964 1129 4050 «ipsc
1144 3963 1236 4030 deora
1249 3980 1371 4050 poenas
1396 3961 1515 4033 docuit.
1543 3985 1565 4031 6,

460 4076 543 4156 ΙΙΙΙΙ,
564 4079 629 4146 292
644 4097 662 4142 6
677 4077 821 4144 iunonis
834 4074 906 4144 iatis
929 4074 1071 4165 iniquae.
1089 4098 1107 4143 6
1122 4078 1185 4145 377
1206 4097 1223 4142 6
1242 4078 1311 4145 Non
1337 4095 1427 4146 arma
1453 4077 1563 4168 rogavi

458 4191 545 4259 Artis
572 4192 704 4280 opisque
722 4203 806 4272 coco.
829 4213 847 4258 6
879 4193 917 4272 ΙΙ,
947 4194 1011 4261 772
1043 4218 1058 4256 6
1093 4194 1206 4261 Paciae
1228 4193 1369 4280 contupis
1394 4199 1563 4263 ostrum»

462 4307 522 4393 (=
534 4279 632 4376 restis
652 4325 816 4397 purpurea
831 4326 850 4375 a
863 4304 999 4397 coniuge
1016 4308 1128 4395 texta).
1144 4311 1181 4376 li.
1197 4310 1281 4390 VIII,
1298 4311 1339 4376 66
1359 4330 1377 4374 6
1395 4311 1459 4379 Nec
1471 4319 1564 4396 'penc-

459 4423 507 4490 ris
521 4423 623 4491 nostri
635 4440 774 4512 puerum
798 4441 858 4492 neo
875 4424 1041 4509 scoenicis
1067 4422 1178 4492 edunt.
1201 4445 1219 4490 6
1238 4426 1290 4505 vt,
1312 4426 1348 4491 ΙΙ
1371 4444 1389 4488 6
1415 4421 1498 4494 Hinc
1515 4422 1564 4492 la-

460 4535 552 4628 pides
565 4539 709 4626 Ppcrtoc
723 4537 835 4609 iactos.
852 4561 870 4605 6
885 4537 951 4607 Nisi
965 4536 1046 4608 iorte
1062 4537 1164 4607 mavis
1178 4541 1322 4626 Pprrtoc
1333 4537 1476 4608 dativum
1486 4551 1564 4610 esse

460 4672 619 4748 personae
634 4653 758 4750 agentis
774 4674 848 4726 cum
872 4653 1002 4759 passivo
1021 4652 1144 4740 rerbo;
1165 4653 1244 4748 quin
1272 4653 1318 4727 sic
1342 4653 1563 4750 interpreteris
