3528 5604
678 995 680 1004 ’
755 1013 823 1100 §o
846 1051 887 1062 -
901 1015 1108 1083 Accusamus
1126 1028 1284 1082 mnroms.

517 1317 561 1384 De
573 1313 751 1386 accusativo
764 1312 919 1404 temporis
932 1312 978 1382 nil
990 1311 1149 1404 peculiare
1163 1308 1249 1403 apud
1262 1307 1435 1401 Vergilium
1448 1307 1567 1378 inveni.

473 1427 678 1499 Accusatirus
696 1427 813 1498 indicat
825 1427 1045 1498 extensionem
1064 1415 1197 1498 aetionis
1214 1423 1435 1514 temporalem,
1454 1423 1487 1493 id
1506 1431 1567 1506 est,

473 1562 532 1634 per
557 1554 713 1636 qnantum
742 1552 871 1634 tempus
898 1541 1003 1614 duret.
1024 1541 1113 1614 Idem
1129 1550 1179 1612 est
1195 1539 1281 1632 apud
1300 1538 1473 1631 Vergilium
1498 1537 1570 1607 eins

471 1678 537 1730 aco.
552 1679 633 1732 usus
647 1669 742 1752 atque
756 1659 841 1752 apud
865 1661 1060 1743 Ciceronem,
1077 1661 1243 1729 Caesarem
1260 1664 1447 1745 ceterosque
1466 1653 1570 1742 scrip-

472 1784 571 1846 tores.
592 1775 637 1846 Cf.
671 1779 706 1846 A.
727 1781 779 1859 vl,
808 1779 871 1847 tet
898 1781 1049 1846 «Noctes
1074 1783 1170 1865 atque
1189 1775 1252 1842 dies
1269 1779 1357 1864 patet
1381 1769 1443 1840 atri
1473 1769 1571 1839 ianua
1654 1841 1658 1850 ,

473 1892 563 1964 uitis.
586 1915 604 1962 u
629 1897 665 1962 Ε.
685 1897 712 1976 I,
742 1897 783 1962 79
803 1915 820 1961 s
840 1891 899 1963 Hic
911 1901 1019 1980 tamen
1037 1894 1119 1962 tuuc
1136 1909 1262 1960 mesum
1280 1897 1406 1980 poteras
1423 1885 1570 1976 requies-

472 2025 543 2078 cere
570 2019 699 2077 noctem.
721 2010 757 2077 A.
779 2011 805 2090 Ι,
835 2011 898 2077 683
919 2029 938 2076 s
957 2011 1004 2077 Tu
1028 2005 1141 2076 faeiem
1165 2003 1252 2074 illius
1278 2015 1396 2073 noctem
1412 2021 1480 2072 non
1498 2019 1570 2069 am-

471 2122 557 2214 plius
571 2144 671 2194 uuam
688 2123 773 2194 Folle
789 2122 875 2195 dolo.
893 2145 912 2191 o
927 2122 988 2194 Cic.
1011 2125 1076 2192 Cat.
1097 2120 1173 2191 mai.
1194 2125 1231 2204 V,
1252 2124 1292 2189 tt
1318 2141 1336 2187 «
1365 2121 1474 2189 Annos
1491 2137 1570 2208 sep-

471 2237 614 2330 tuaginta
628 2237 705 2309 vixit
722 2238 855 2310 Ennius.
873 2261 891 2307 o

514 2369 561 2435 En
585 2365 646 2437 hoc
663 2386 728 2437 acc.
748 2387 812 2436 usu
829 2374 958 2458 tempus
978 2364 1165 2458 designante
1186 2384 1243 2436 eae
1257 2372 1346 2435 ortae
1360 2372 1437 2434 sunt
1455 2363 1569 2433 adrer-

471 2479 571 2551 biales
588 2480 776 2565 locutiones,
802 2481 842 2553 de
865 2501 930 2572 qua
956 2501 1054 2572 supra
1077 2480 1132 2569 (ci.
1153 2479 1439 2588 §3Acou'sativns-
1452 2479 1567 2549 adver-

426 2654 435 2677 .
470 2595 575 2682 hiaiis,
597 2618 630 2688 p.
652 2601 720 2688 50).

531 3029 550 3116 ξ
569 3032 601 3098 7.
621 3065 663 3080 -
682 3031 889 3102 Aecusrrrrus
906 3045 968 3100 nno·
982 3046 1168 3101 nomnsrrro
1188 3047 1246 3099 nnn
1265 3045 1510 3100 srrnscrronrm

512 3328 690 3420 Aliquando
704 3329 741 3400 iit
757 3339 794 3401 nt
820 3330 1016 3402 attractionis
1032 3330 1172 3422 quodam
1192 3350 1308 3423 genere
1328 3349 1458 3413 nomen,
1477 3330 1565 3422 quod

471 3441 650 3515 stabiectum
667 3445 838 3535 primariae
854 3446 1084 3516 enuntiationis
1115 3465 1187 3518 esse
1204 3445 1335 3518 deberet
1360 3446 1394 3516 in
1416 3445 1565 3520 nomina-

469 3558 545 3642 tivo,
559 3559 592 3628 in
605 3555 821 3631 accusativum
834 3568 975 3634 transeat
987 3582 1062 3634 cnm
1075 3563 1265 3654 pronomine
1279 3563 1422 3647 relativo,
1439 3563 1562 3634 obiecto

470 3673 676 3748 secundariae
693 3677 933 3750 enuntiationis,
954 3683 1076 3752 Nomen
1095 3690 1202 3754 antem
1219 3681 1306 3774 quod
1325 3682 1371 3753 sic
1384 3682 1418 3751 in
1432 3700 1562 3754 accuse·

456 3787 569 3862 'tirum
587 3791 735 3876 trahitur,
754 3794 804 3865 rei
817 3795 938 3868 anteire
951 3795 1000 3867 rel
1020 3795 1112 3887 sequi
1130 3816 1308 3887 pronomen
1323 3804 1440 3888 potest.
1468 3799 1562 3866 Prae·

467 3904 598 3996 cipunm
616 3905 713 3978 huius
731 3910 927 3982 attractionis
940 3911 1123 4002 exemplum
1142 3911 1228 4002 apud
1245 3912 1419 4004 Vergilium
1438 3910 1561 3982 inveni-

466 4035 540 4092 mus
558 4020 594 4088 A.
614 4020 641 4101 1,
659 4023 723 4089 573
743 4041 761 4086 «
784 4023 894 4090 Urbem
911 4043 1008 4110 quom
1023 4031 1129 4094 statuo
1147 4031 1253 4094 vestra
1268 4031 1331 4096 est.
1359 4047 1378 4092 o
1399 4022 1446 4094 Ad
1464 4041 1561 4114 quem

465 4130 572 4202 locum
585 4132 663 4204 haec
676 4132 868 4226 Forbigerus
886 4136 1037 4208 adnotat:
1059 4159 1077 4205 «
1091 4157 1150 4228 per
1166 4139 1386 4210 attractionem
1400 4139 1560 4210 inversam

465 4266 562 4337 quam
582 4247 691 4319 dicunt
708 4269 773 4320 non
792 4251 855 4321 nisi
871 4251 956 4341 apud
974 4260 1085 4343 poetas
1102 4251 1154 4322 hic
1167 4251 1212 4322 ibi
1226 4252 1364 4325 sonan.
1386 4275 1404 4321 o

507 4367 552 4434 Eo
577 4364 704 4436 inversa
721 4375 852 4437 vocatur
868 4367 1012 4438 attractio
1032 4367 1118 4458 quod
1135 4387 1200 4439 non
1223 4367 1298 4453 iam,
1315 4377 1352 4439 ut
1376 4368 1458 4439 solet
1476 4367 1557 4451 fieri,

422 4509 424 4517 v
463 4475 631 4549 relativum
643 4498 753 4551 msum
770 4481 911 4552 nominis
925 4482 965 4552 ad
976 4483 1063 4573 quod
1077 4482 1215 4574 pertinet
1233 4483 1358 4575 accipit,
1375 4483 1432 4554 sed
1450 4491 1561 4554 contra

464 4610 581 4664 nomen
597 4595 721 4716 relatiui
738 4597 778 4667 ad
805 4598 913 4688 ipsum
934 4598 1123 4688 pertinentis
1141 4619 1252 4678 mum
1266 4599 1378 4695 suutd,
1398 4603 1466 4673 Hoe
1484 4617 1559 4691 roro
