3490 5604
724 1441 807 1508 CAP.
823 1442 865 1508 Ill
988 1385 993 1395 ι

664 1795 721 1852 ou
752 1795 921 1853 uuurvo
952 1751 955 1755 ⁸

288 2187 419 2257 Dativus
448 2186 576 2278 largiori
601 2207 783 2258 sensuram
802 2187 851 2257 vel
885 2206 1056 2278 personam
1080 2185 1200 2258 indicat
1231 2209 1249 2254 «
1265 2205 1348 2277 quae

246 2302 387 2394 tangitur
408 2301 531 2390 actione
548 2301 637 2372 verbi
656 2302 695 2371 ad
719 2301 817 2371 finem
836 2300 1001 2393 perducta,
1022 2301 1066 2372 ita
1085 2301 1218 2372 utactio
1236 2301 1348 2382 vimin

247 2417 325 2487 illud
340 2417 501 2488 obiectum
524 2417 650 2501 habeat,
671 2417 834 2488 diversum
854 2417 1014 2488 tamenab
1029 2437 1178 2510 eaquam
1203 2417 1235 2486 in
1255 2437 1348 2489 accu-

247 2533 347 2604 sativo
362 2533 645 2624 deprehendimus.
663 2557 681 2602 »
698 2534 834 2622 (Helue,
850 2533 999 2624 syntaxis
1012 2534 1148 2625 priscor.
1165 2534 1221 2605 lat.
1237 2535 1346 2626 script.

247 2653 273 2732 l,
293 2670 325 2740 p.
347 2653 438 2738 291).
467 2655 512 2720 Ea
534 2659 583 2720 est
605 2651 703 2742 igitur
727 2649 888 2741 primitiva
911 2649 1008 2720 dativi
1025 2650 1135 2722 notio:
1157 2650 1282 2721 dativus
1301 2657 1350 2720 est

247 2783 341 2835 casus
356 2764 483 2847 obiecti,
504 2764 730 2855 quodcumque
744 2765 886 2855 positum
900 2772 989 2834 extra
1001 2763 1188 2854 processum
1203 2762 1347 2845 actionis,

248 2879 389 2972 tangitur
408 2879 572 2950 tamenab
591 2898 628 2950 ea
641 2879 741 2949 finita.
760 2879 937 2972 Madvigius
954 2880 1050 2970 paulo
1073 2887 1180 2950 tamen
1199 2879 1350 2950 artiorem

191 3069 195 3076 ,
249 2994 318 3064 eins
351 3014 444 3065 casus
469 2993 632 3064 notionem
661 2994 695 3063 in
719 3015 778 3064 sua
808 2993 1015 3086 grammatica
1045 2994 1144 3064 latina
1171 2993 1348 3065 constituit.

248 3112 345 3179 Docet
364 3108 449 3178 enim
473 3131 492 3177 κ
511 3109 653 3179 dativum
672 3109 812 3201 generali
831 3129 930 3181 seusu
953 3117 1118 3201 acceptum
1138 3109 1278 3180 indicare
1299 3108 1350 3191 id,

250 3224 337 3315 quod
354 3224 536 3315 praedicato
554 3224 750 3308 enuntiatur,
775 3234 907 3317 propter
930 3225 1103 3317 quamdam
1119 3245 1188 3296 rem
1207 3233 1263 3295 aut
1278 3244 1353 3315 per-

250 3361 363 3412 sonum
376 3342 518 3413 accidere
541 3343 590 3412 vel
606 3343 688 3425 fieri,
708 3351 803 3433 atque
821 3343 891 3412 eius
906 3362 1063 3434 personae
1080 3342 1129 3412 vel
1144 3341 1191 3413 rei
1210 3360 1353 3413 commo-

250 3455 327 3525 dum
355 3465 509 3547 spectare.
532 3462 604 3527 »Ε.
639 3462 665 3541 Ι,
686 3462 728 3527 34
753 3481 771 3526 «
802 3458 954 3540 Quamvis
984 3458 1127 3551 ingratae
1153 3467 1355 3551 premeretur

251 3590 363 3642 caseus
377 3574 460 3640 nrlrt.
483 3595 501 3640 >v
532 3576 568 3641 Α.
590 3576 648 3656 ΙΙΙ,
678 3576 780 3644 297«
803 3573 910 3644 Patrio
938 3573 1182 3646 Andromachen
1218 3574 1354 3646 cessisse

250 3692 378 3757 murico.
400 3711 418 3755 ›>
433 3691 470 3770 V,
491 3693 555 3758 398
576 3687 643 3757 «si
660 3689 838 3759 mitinunc
856 3688 943 3760 loret'
960 3689 1015 3760 illa
1036 3689 1196 3769 iuventas,
1218 3693 1286 3760 vll.
1315 3693 1352 3773 V,

253 3807 294 3874 32
314 3826 332 3871 «
350 3803 427 3874 Vitis
440 3812 476 3873 ut
490 3806 656 3874 ardoribus
678 3806 780 3874 decori
799 3812 847 3875 est
863 3827 881 3873 »
899 3814 959 3876 etc.

294 3918 459 4010 Zumptius
474 3919 518 3989 ita
535 3939 646 3989 casum
669 3919 801 3990 delinit:
836 3919 966 3990 Dativus
986 3929 1035 3991 est
1053 3940 1148 3991 casus
1176 3920 1353 4005 relationis,

253 4035 314 4119 rel,
331 4035 445 4105 sicum
473 4035 651 4106 accusativo
678 4043 894 4126 comparetur,
915 4056 1010 4106 casus
1025 4036 1208 4108 remotioris
1226 4036 1354 4109 obiecti.

253 4153 293 4219 Ut
320 4148 406 4220 enim
433 4133 633 4221 accusativus
663 4149 812 4222 ellectum
831 4150 977 4234 actionis,
999 4151 1049 4222 vel
1074 4151 1235 4223 obiectum
1269 4153 1356 4245 quod

254 4267 372 4337 directe
390 4267 470 4339 actio
493 4267 594 4360 tangit
620 4276 652 4338 et
666 4267 899 4359 complectitur,
920 4269 965 4339 ita
987 4268 1113 4340 dativus
1132 4269 1358 4342 illud'indicat

253 4380 414 4454 obiectum
432 4384 598 4468 remotius,
614 4383 705 4456 cuius
731 4405 828 4457 causa
841 4386 890 4456 vel
915 4384 1021 4456 studio
1041 4385 1221 4459 subiectum
1235 4387 1357 4478 aliquid

257 4500 321 4594 agit
335 4500 384 4570 vel
404 4501 534 4592 patitur.
1296 4589 1298 4592 ,

300 4615 419 4688 Addam
445 4633 504 4712 ego
523 4617 684 4692 obiectum
706 4617 812 4692 dativo
831 4637 1020 4711 expressum
1043 4626 1197 4716 tanquam
1220 4620 1358 4712 activum
