3490 5604
679 677 870 748 -403-,·

534 967 565 1033 3.
588 1003 628 1014 -
652 960 802 1032 Datr'vus
822 961 1023 1033 iudicantis.

273 1183 403 1262 Datirus
431 1183 547 1255 iterum
566 1185 657 1256 illum
687 1185 815 1270 indicat,
840 1186 932 1257 euius
966 1186 1117 1279 opinione
1135 1188 1184 1258 vel
1208 1187 1325 1258 iudicio

230 1299 447 1389 praedicatum
469 1298 663 1384 enuntiatur,
685 1301 717 1370 id
737 1310 797 1384 est,
818 1322 989 1393 personam
1018 1322 1101 1395 quae
1123 1302 1242 1380 iudicat
1257 1324 1325 1375 rem

230 1414 275 1485 ita
288 1436 322 1485 se
340 1415 469 1498 hahere,
489 1426 527 1486 ut
542 1416 722 1507 praedicato
749 1417 944 1489 enuntiatur.
962 1417 1023 1500 Qui
1039 1421 1164 1490 dativus
1183 1422 1327 1490 444444444-

232 1532 271 1598 tis
294 1529 399 1600 venari
413 1529 525 1621 possit.

274 1664 310 1728 Ε.
346 1663 413 1742 1,7
442 1665 624 1753 «Namque
643 1660 704 1732 erit
728 1661 781 1731 4444
797 1662 877 1730 mitt
908 1681 1035 1753 semper
1057 1662 1149 1734 deus.
1171 1685 1189 1730 »
1221 1668 1263 1746 Il,
1285 1667 1326 1732 44

233 1797 251 1842 4
273 1776 409 1846 Sordent
421 1778 477 1852 4444·
490 1796 625 1847 munera
638 1786 759 1848 nestra.
777 1801 795 1844 »
811 1781 848 1860 V,
866 1781 907 1847 45
927 1797 998 1870 sqq.
1016 1801 1034 1846 4
1049 1779 1124 1850 Tale
1137 1786 1230 1850 tuum
1242 1781 1327 1849 44444

232 1913 371 1975 carmen,
387 1892 492 1965 divine
511 1902 616 1983 poeta,
638 1895 738 1976 Quale
756 1913 854 1984 seper
876 1895 964 1983 444444
981 1893 1015 1964 44
1042 1895 1230 1986 gramine.»
1257 1899 1326 1975 VII,

234 2012 273 2076 43
294 2031 311 2075 4
333 2007 366 2078 Si
383 2011 461 2077 44444·
473 2029 539 2079 444
557 2009 634 2079 haee
652 2009 708 2079 iux
719 2017 785 2080 4444
805 2008 1007 2100 iamlengior
1020 2029 1104 2080 anne
1130 2018 1189 2080 est.
1207 2033 1226 2077 a
1241 2014 1278 2079 G.
1299 2012 1326 2092 Ι,

232 2127 294 2192 299
315 2145 332 2190 4
358 2123 468 2194 Hiems
486 2124 599 2216 ignava
624 2127 778 2194 444444.»
808 2127 871 2193 443
903 2146 921 2191 4
943 2124 1088 2216 Suspeuti
1106 2127 1164 2194 tibi
1187 2124 1251 2195 sint
1268 2125 1329 2194 im·
1428 2195 1430 2200 .

174 2241 177 2246 '
232 2237 318 2309 hres.
340 2261 358 2306 4
378 2243 434 2308 494
459 2261 477 2305 44
491 2242 554 2308 Nee
567 2239 627 2309 4444
648 2239 816 2332 indignum
832 2242 952 2328 superis
970 2239 1021 2311 bis
1036 2240 1191 2332 sanguine
1217 2249 1328 2311 nostre

232 2353 407 2424 Emathiam
426 2361 457 2423 et
471 2354 551 2424 lates
563 2355 677 2426 Haemi
694 2347 903 2446 pinguescere
918 2375 1060 2445 campos.
1085 2377 1103 2424 4
1133 2359 1168 2424 Α.
1186 2359 1243 2438 Ill,
1265 2360 1328 2425 453

234 2492 251 2536 4
271 2469 329 2539 Η44
345 2470 401 2539 titi
420 2488 541 2559 nequa
567 2489 675 2540 murae
693 2469 811 2540 suerint
836 2469 1005 2560 dispendia
1020 2469 1158 2553 tanti.»
1185 2475 1237 2554 444,
1265 2475 1329 2541 526

234 2613 251 2657 4
268 2589 393 2659 Scilicet
406 2588 438 2658 id
453 2609 607 2680 magnum
623 2609 756 2681 sperans
770 2591 838 2661 4444
854 2611 972 2661 munus
990 2593 1125 2661 amanti.
1143 2614 1161 2659 >›
1175 2596 1242 2675 VH,
1265 2598 1328 2662 266

233 2723 341 2792 «pars
368 2705 446 2772 mitt
464 2703 551 2794 panis
576 2704 637 2774 erit
665 2704 807 2775 dextram
829 2704 970 2802 tetigisse
995 2705 1175 2796 tyranni.»
1206 2711 1244 2788 X,
1265 2711 1328 2776 254

233 2841 251 2885 44
271 2823 317 2887 Tu
334 2820 413 2887 4444
424 2838 509 2888 nune
525 2837 651 2909 pugnae
668 2819 828 2909 princeps.
850 2842 869 2886 a
888 2812 941 2901 444,
959 2822 1022 2888 446
1042 2842 1060 2886 44
1080 2819 1138 2889 4444
1161 2821 1240 2887 miti
1257 2829 1330 2890 ante

233 2934 312 3005 alies
326 2935 506 3006 fortunatus
520 2935 706 3006 laborum.»
724 2939 793 3017 4444,
813 2938 876 3005 467
891 2937 1039 3006 «Nautis
1052 2936 1129 3008 oiim
1145 2935 1326 3008 venerabile

234 3047 368 3138 lignum.
393 3074 408 3110 n
915 3076 919 3083 ·

376 3408 407 3474 4.
433 3445 474 3457 -
492 3401 643 3474 Dativus
660 3425 827 3495 personae
846 3425 917 3474 rem
930 3403 1196 3475 considerantis.

275 3622 404 3693 Datirus
433 3623 593 3694 commodi
612 3622 730 3693 indicat
747 3642 920 3714 personam
944 3624 1036 3695 euius
1053 3625 1148 3708 ratio,¹
1177 3632 1279 3695 status
1298 3633 1330 3695 44

233 3737 375 3808 condicio
389 3738 596 3828 respettanda
614 3748 673 3821 est,
703 3747 740 3808 ut
765 3739 797 3807 id
820 3759 932 3809 verum
953 3739 1005 3822 sit,
1031 3738 1119 3831 qued
1148 3741 1328 3831 praedicatu

232 3856 426 3926 enuntiatur.
442 3856 501 3925 Illa
517 3856 646 3947 quidem
665 3876 821 3946 personae
846 3878 914 3927 rem
934 3858 1165 3929 considerantis
1184 3857 1328 3928 44444444

232 3971 281 4041 rel
304 3979 405 4040 status
429 3989 524 4060 saepe
542 3971 740 4060 verrprimitur
764 3991 822 4060 per
839 3971 1042 4063 participium
1069 3971 1247 4061 praesentis
1274 3981 1330 4042 aut

231 4085 373 4176 parienti,
392 4085 580 4175 praesertim
594 4085 621 4155 si
637 4086 677 4155 444
691 4085 760 4155 4444
775 4086 890 4176 agitur.

275 4219 310 4283 E.
327 4219 380 4295 IX,
397 4219 438 4283 59
458 4237 475 4281 4
490 4217 573 4284 44444
595 4214 674 4285 adeo
689 4214 794 4284 media
808 4223 857 4285 est
874 4219 960 4285 44444
979 4215 1039 4296 via,
1061 4234 1201 4305 namque
1218 4214 1328 4304 sepul-

231 4350 321 4400 emm
336 4329 461 4419 ‘lneipit
487 4349 640 4420 apparere
666 4330 821 4400 Bianoris.
845 4354 862 4398 »
882 4334 919 4400 G.
949 4335 975 4414 I,
1005 4334 1104 4400 2424
1132 4333 1194 4399 Hir
1209 4338 1329 4415 ‘vertex

230 4447 316 4513 44444
330 4461 460 4534 semper
471 4445 629 4516 sublimis.
651 4468 669 4513 »
699 4445 988 4536 Iungendumest:
1021 4448 1072 4515 444
1088 4447 1186 4528 anim,
1217 4464 1329 4536 graece

230 4574 288 4648 apra
308 4557 390 4627 4444
411 4566 489 4628 otae.
512 4561 548 4627 Α.
567 4562 594 4640 Ι,
610 4562 673 4640 265
693 4579 712 4624 4
731 4563 833 4626 Tema
851 4558 1036 4629 transierint
1051 4559 1178 4628 44444444
1193 4555 1328 4627 hiberna

230 4675 382 4756 44444444
404 4695 422 4740 »
440 4672 497 4743 ubi
515 4673 580 4744 noli
604 4677 679 4744 4444.
708 4675 777 4745 suu.
793 4693 852 4763 pm
867 4672 1004 4750 ablativo
1022 4673 1170 4747 absolute
1190 4671 1324 4756 hahere;
