3528 5604
665 666 903 746 ,-23-

240 865 402 956 elingue
416 863 499 934 solet
517 861 657 954 quadam
677 860 832 940 orationis
847 861 1093 952 perturbatione
1113 862 1153 934 ab
1173 864 1262 944 omui
1279 884 1376 957 regu·

262 981 368 1061 larunt
383 979 573 1053 necessitate
596 986 731 1051 remota.
1178 973 1186 986 '

304 1095 493 1167 Multauern
512 1114 596 1186 quae
613 1094 758 1184 poeticae
777 1092 910 1166 dictioni
929 1094 1062 1185 propria
1087 1103 1209 1169 suntet
1227 1096 1375 1188 vulgali-

260 1211 384 1284 centiae
408 1213 549 1302 (licentes
566 1212 738 1300 potatores)
759 1209 977 1302 appellantur,
999 1218 1032 1282 et
1053 1231 1074 1281 a
1099 1211 1240 1304 generali
1265 1213 1377 1305 regula

128 1389 130 1394 .
261 1338 294 1400 et
306 1349 423 1401 norma
436 1327 621 1410 deflectunt,
642 1327 682 1397 ad
701 1326 872 1418 antiquum
901 1326 1056 1419 loquendi
1075 1348 1173 1400 usum
1198 1329 1373 1419 pertinent.

188 1448 194 1466 ⁸
260 1442 345 1514 lllud
360 1442 446 1514 enirn
465 1452 514 1514 est
532 1440 702 1534 proprium
722 1440 868 1533 poeticae
880 1440 1022 1533 linguae,
1038 1450 1075 1513 ut
1090 1443 1225 1535 antiquo
1239 1464 1331 1517 nrcre
1344 1454 1377 1517 et

260 1579 325 1630 usu
341 1558 504 1630 interdurn
522 1557 754 1630 enuntiationis
770 1565 880 1649 partes
905 1558 1100 1650 coniungat3
1123 1558 1297 1652 pleraeque
1315 1561 1376 1654 igi-

261 1683 316 1748 tur
333 1675 601 1757 constructiones,
623 1693 707 1765 quae
736 1672 824 1763 apud
842 1683 956 1764 poetas
980 1693 1082 1746 novae
1100 1683 1132 1745 et
1154 1675 1303 1748 insolitae
1328 1677 1376 1748 vi-

261 1790 518 1882 dentur‚.reipsa
535 1790 687 1881 antiquae
706 1798 783 1860 sunt
799 1788 979 1873 habendae,
1000 1809 1120 1880 easque
1132 1810 1198 1862 non
1216 1790 1374 1877 licentias,
1422 1843 1424 1849 -

263 1907 320 1978 sed
335 1906 534 1978 archaismos
549 1915 635 1977 recte
653 1904 846 1976 vocaverim.

221 2073 225 2082 .
305 2021 390 2091 Illud
404 2022 491 2094 eninr
510 2022 679 2112 proprium
695 2041 768 2092 esse
782 2029 952 2112 poetarum
967 2021 1171 2114 privilegium
1188 2023 1295 2096 Cicero
1314 2045 1376 2097 nos

262 2147 384 2222 monet,
411 2142 499 2209 Orat.
521 2143 578 2221 ΙΙΙ,
605 2143 659 2222 38,
695 2142 783 2210 153ε
808 2161 826 2206 «
848 2138 1006 2210 Inusitata
1025 2148 1102 2210 sunt
1124 2140 1231 2230 prisca
1256 2140 1322 2214 iere
1340 2162 1377 2213 ac

262 2262 437 2326 uetustaet
460 2255 582 2325 abusu
613 2253 792 2345 quotidiani
829 2254 988 2325 sermonis
1019 2254 1141 2325 iamdiu
1175 2255 1374 2339 intermissa,
1475 2312 1476 2320 ,

263 2389 346 2462 quae
377 2379 453 2440 sunt
484 2377 653 2459 poetarum
686 2368 833 2440 licentiae
861 2368 1013 2441 liberiora
1044 2389 1142 2460 quarn
1180 2379 1321 2443 nostrae.
1356 2396 1375 2440 s

261 2486 481 2574 ¹Quintilianus
506 2486 593 2556 idern
620 2485 661 2556 de
690 2485 854 2564 veteribus
870 2485 1036 2556 vocabulis
1054 2486 1171 2556 asserit
1191 2491 1270 2558 Inst.
1292 2493 1319 2571 Ι,
1340 2494 1373 2569 6,

265 2607 278 2671 t
299 2605 472 2671 :stetere
487 2599 670 2688 (vocabula)
689 2599 841 2670 maiestas
860 2599 1031 2689 quaedam,
1045 2607 1088 2682 et,
1109 2608 1146 2670 ut
1160 2599 1206 2670 sic
1225 2601 1373 2684 dixerim,

263 2715 375 2808 religio
395 2713 610 2786 commendat.
638 2707 772 2784 e'llubis
788 2721 896 2784 autern
918 2713 1054 2805 propius
1072 2733 1141 2784 reni
1167 2715 1375 2788 consideran-

263 2831 350 2902 tibus
369 2830 401 2900 id
419 2849 497 2900 sane
517 2838 719 2920 compertum
750 2827 811 2900 erit
836 2848 875 2898 eo
902 2836 1072 2919 poetarum
1088 2828 1312 2902 ‘elocutionem
1333 2833 1375 2905 ab

263 2946 408 3028 oratione
420 2945 563 3036 pedestri
576 2945 716 3016 maxime
730 2944 899 3026 dissidere,
919 2945 1007 3035 quod
1027 2945 1184 3036 quesdarn
1200 2946 1374 3020 verborum

263 3061 515 3152 compositiones
531 3059 803 3151 ualdesirnplices
818 3059 945 3142 babeat,
961 3059 994 3128 in
1010 3059 1129 3150 quibus
1143 3061 1375 3134 enuntiationis

158 3223 161 3228 -
264 3176 362 3249 rerba
386 3197 453 3248 non
479 3177 571 3249 docte
594 3185 626 3248 et
650 3176 814 3247 elaborate
835 3195 941 3267 neque
959 3183 1047 3246 arcto
1063 3175 1214 3247 rectionis
1233 3176 1373 3261 vinculo,

264 3292 321 3364 sed
344 3292 477 3364 liberius
501 3275 584 3362 inter
604 3311 639 3362 se
657 3292 907 3383 coniungantur.
940 3290 1033 3374 Quod
1052 3291 1184 3382 quidem
1202 3300 1376 3364 contumel

264 3407 472 3478 manifestum
490 3405 860 3498 antiquitatis-indicium
879 3425 952 3476 esse
975 3425 1071 3476 nerno
1093 3405 1234 3498 negabit.
1260 3406 1375 3478 Cuius-
1420 3501 1423 3508 .

264 3522 342 3596 libet
370 3523 457 3594 enirn
480 3523 610 3616 linguae
638 3529 811 3604 structura,
832 3520 860 3590 si
879 3520 919 3591 ab
938 3521 1062 3612 origine
1084 3531 1259 3612 repetatur,
1281 3523 1375 3596 ualde

265 3638 401 3729 sirnplex
428 3647 488 3720 est,
517 3647 549 3708 et
578 3636 752 3708 verborum
768 3635 978 3706 ¹constructio
1013 3635 1219 3708 liberioribus
1248 3638 1374 3730 legibus

264 3754 386 3845 regitur
404 3763 436 3825 et
449 3753 643 3826 continetur.
671 3752 763 3835 bein,
779 3761 877 3843 prout
891 3753 1035 3843 populus
1048 3754 1151 3846 magis
1168 3755 1209 3824 ad
1224 3752 1375 3856 humani*

263 3876 362 3944 tatem
391 3878 423 3940 et
448 3877 533 3942 artes
554 3868 721 3950 excolitur,
753 3867 874 3958 lingua,
904 3887 970 3958 qua
994 3867 1106 3950 utitur,
1139 3869 1294 3940 adolescit
1322 3871 1374 3941 in-

264 3985 455 4075 crescitque,
477 3985 562 4055 rires
583 4004 659 4053 suas
685 3983 802 4054 evolvit
821 3991 853 4055 et
871 3983 1042 4073 expromit,
1069 3993 1100 4054 et
1119 4004 1200 4056 usus
1219 3985 1373 4076 loquendi

265 4103 380 4174 maiori
399 4102 575 4174 subtilitate
589 4101 773 4171 innectitur.
793 4099 886 4181 Quod
904 4103 1083 4192 Wagnerus
1095 4100 1125 4156 (Ι)
1150 4110 1216 4172 tarn
1233 4101 1325 4173 docte
1341 4110 1375 4173 et
1402 4151 1405 4166 .

265 4225 411 4290 accurate
432 4218 473 4288 de
490 4216 651 4288 Infinitive
674 4215 828 4286 historico
854 4214 945 4298 dixit,
970 4215 1003 4286 id
1023 4217 1063 4287 ad
1083 4224 1182 4288 totam
1201 4216 1374 4290 cuiuslibet

265 4334 376 4427 populi
394 4332 538 4425 linguent
556 4331 792 4404 accommodari
810 4339 927 4421 potest.
949 4354 967 4400 «
988 4331 1228 4422 Antiquissimis
1246 4341 1373 4424 tempo-

265 4447 368 4530 ribuS,
391 4447 489 4518 uerbo
517 4446 663 4518 nondum
679 4465 741 4536 per
771 4453 919 4537 tempora
942 4453 975 4516 et
1004 4444 1119 4518 nrodos
1145 4445 1282 4538 digesto,
1302 4446 1371 4516 solo

265 4642 476 4762 xx(zouaestiones
491 4643 634 4699 Vergilianae,
644 4641 667 4688 in
682 4640 776 4688 editione
794 4640 882 4696 Vergilii
899 4639 1011 4698 llsyniana
1024 4653 1038 4687 a
1051 4640 1160 4700 Wagnero
1175 4645 1259 4696 curu,
1270 4642 1372 4696 Quaestio
