3490 5604
862 627 1055 698 -tat-

450 806 586 878 Duleis:
605 808 641 878 l.
663 811 716 892 IV,
737 811 800 878 307
825 829 844 877 u
865 809 925 880 luit
952 811 1009 880 tili
1035 810 1207 902 quiequam
1235 813 1322 880 dulae
1348 831 1515 882 meum.»

407 925 476 1006 llll,
494 927 558 994 882
577 945 596 992 a
613 933 670 994 aut
686 924 859 1018 quiequam
881 927 962 996 milti
979 927 1067 996 dulae
1083 947 1231 999 meorum
1256 935 1289 998 te
1302 928 1384 1011 sine,
1400 928 1511 1010 irater,

407 1037 495 1110 erit?
516 1061 535 1107 a>
558 1043 593 1110 E.
614 1042 671 1124 ΙΙΙ,
693 1046 736 1111 80
751 1060 823 1134 sqq.

451 1155 565 1226 Laetus
582 1179 591 1224 :
607 1159 643 1226 Α.
658 1159 684 1239 Ι,
701 1159 764 1227 732
784 1159 913 1228 «Hune
925 1158 1042 1228 laetum
1061 1160 1228 1250 Tyriisque
1254 1157 1339 1230 diem
1355 1159 1516 1251 Troiaque

405 1273 555 1360 prosemis
570 1276 649 1344 Esse
663 1272 754 1345 velis.
776 1297 794 1342 »

453 1391 591 1474 Magnus
607 1411 615 1457 :
633 1393 669 1458 Ε.
688 1394 726 1474 ll,
747 1394 789 1462 72
811 1414 829 1460 a
849 1395 912 1463 Vos
941 1390 1019 1461 haee
1045 1389 1166 1461 iacietis
1193 1394 1340 1461 munima
1366 1394 1466 1462 Galla.
1496 1417 1512 1456 0

410 1499 537 1593 Ferbig.
576 1501 832 1596 interpretatur:
869 1506 1067 1600 gratissima,
1103 1507 1341 1597 acceptissima,
1376 1507 1516 1598 ideoque

410 1616 506 1688 etiam
537 1617 670 1690 maximi
697 1622 875 1693 aestimata.
908 1623 1101 1694 Bennistus:
1132 1644 1149 1688 <r
1183 1622 1317 1693 iacietis
1346 1625 1409 1710 (00)
1435 1621 1516 1694 haee

409 1735 550 1806 maxima
568 1737 763 1828 (rideantur)
782 1741 873 1812 Galla
892 1740 971 1827 (dal.
991 1739 1189 1828 iudicantis).
1209 1762 1227 1807 u

451 1857 593 1923 Paratus
612 1877 619 1922 :
641 1856 676 1924 l.
692 1858 735 1939 ΙΙ,
751 1858 815 1926 330
831 1878 849 1923 «
863 1862 990 1926 Parata
1007 1859 1076 1926 uem
1095 1860 1163 1926 Stat
1180 1855 1256 1926 lerri
1270 1855 1366 1926 aries.
1384 1879 1403 1923 u
1489 1853 1492 1869 '

451 1969 569 2037 Similis
584 1989 650 2040 unu
667 1978 793 2041 tantum
819 1972 889 2042 laen
907 1975 1000 2064 Verg.
1022 1992 1095 2042 uum
1114 1972 1260 2064 genetiva
1292 1971 1513 2062 coniungite.

409 2088 445 2165 V,
475 2088 540 2152 500
566 2112 582 2150 «
614 2088 802 2176 Delphinum
830 2089 956 2157 similes,
987 2110 1006 2155 >›
1025 2087 1110 2158 Alias
1141 2108 1215 2157 eum
1234 2087 1314 2157 dat:
1345 2092 1380 2156 E.
1412 2091 1438 2170 Ι,
1473 2093 1517 2155 20

409 2200 577 2271 «Stultus
607 2221 666 2294 ege
692 2205 767 2274 luia
796 2216 921 2274 nestrae
947 2205 1079 2274 similem
1105 2207 1242 2274 Romam
1273 2203 1395 2294 putavi.
1426 2225 1445 2271 u
1473 2208 1517 2272 20

410 2335 428 2380 «
443 2317 581 2384 cantens
601 2317 724 2389 eatulas
738 2321 864 2388 similes.
886 2342 905 2387 »
920 2321 957 2388 G.
977 2322 1019 2402 ΙΙ,
1039 2323 1095 2387 030
1130 2341 1148 2386 <r
1167 2304 1338 2389 simillima
1369 2321 1474 2387 laura.
1496 2340 1516 2384 »

312 2467 316 2476 ,
409 2431 446 2498 Α.
461 2432 487 2512 Ι,
506 2434 569 2499 580
589 2435 666 2502 «Os
694 2453 889 2524 umerosque
905 2435 958 2502 lea
974 2435 1098 2502 similis,
1121 2455 1139 2500 »
1166 2432 1214 2502 ld.
1243 2436 1280 2501 G.
1301 2436 1358 2514 ΙΙΙ,
1381 2436 1456 2501 093.
1477 2434 1514 2500 Α.

410 2547 452 2627 ΙΙ,
479 2548 554 2614 700.
571 2549 607 2616 tl.
625 2551 677 2632 VI,
699 2552 775 2620 702.
792 2553 845 2632 IV,
861 2553 938 2632 250,
959 2553 1035 2618 558.
1052 2552 1089 2631 V,
1104 2552 1181 2619 250.
1202 2553 1256 2630 Vl,
1271 2553 1347 2629 522,
1364 2556 1426 2618 000.

455 2661 867 2753 vergiliuseiuaroniannm
882 2685 979 2735 usum
989 2663 1137 2734 servavit.
1153 2663 1215 2733 Ciu.
1228 2663 1315 2733 enim
1328 2671 1519 2753 veteresque

412 2779 584 2869 scriptores
606 2781 719 2849 similis
746 2801 820 2851 uum
850 2791 956 2874 genet.
989 2789 1193 2863 construunt,
1218 2799 1292 2850 eam
1319 2780 1518 2850 naminalem

411 2895 576 2966 notionem
594 2896 736 2966 eontinet
752 2905 783 2966 et
799 2896 884 2967 idem
901 2897 970 2967 vult
984 2905 1080 2988 atque
1097 2899 1213 2984 image,
1242 2899 1413 2985 ammplur.
1430 2917 1460 2964 v.
1483 2918 1515 2987 g.

411 3011 498 3082 filius
516 3019 566 3081 est
579 3014 684 3100 putris
702 3015 815 3082 similis
829 3045 872 3072 a
889 3021 938 3083 est
956 3012 1056 3102 patris
1079 3011 1243 3102 exemplar
1266 3012 1310 3100 (le
1327 3012 1462 3102 pertrait
1477 3012 1519 3082 de

412 3149 471 3200 sen
486 3127 589 3218 pere),
607 3127 673 3198 sive
690 3126 729 3196 ad
748 3127 914 3219 ingenium
938 3127 1004 3198 sive
1023 3126 1063 3210 ad
1081 3127 1225 3218 eorporis
1249 3126 1395 3197 habitum
1414 3127 1518 3218 respi-

412 3241 537 3322 ciatur;
557 3261 630 3310 cum
650 3240 715 3311 dal.
736 3249 859 3325 anatra,
886 3242 914 3312 si
940 3249 1065 3312 tantum
1084 3240 1231 3311 adieetivi
1249 3241 1338 3312 natio
1358 3241 1453 3312 inest.
1475 3280 1517 3290 -

412 3363 457 3429 00
483 3359 606 3429 ratione
622 3361 840 3449 grammatica,
870 3380 935 3450 qua
959 3361 1072 3428 similis
1086 3367 1118 3429 00
1142 3361 1302 3428 dissimilis
1321 3359 1418 3430 modu
1443 3378 1517 3428 eum
1551 3407 1555 3416 ·

412 3449 540 3564 genet,⁸
558 3473 655 3544 made
673 3495 747 3545 anm
766 3474 830 3546 dat.
851 3483 1095 3557 construuntur,
1124 3473 1201 3544 satis
1220 3473 1281 3543 erit
1296 3472 1414 3543 referre
1440 3472 1518 3564 quid

414 3590 453 3660 de
472 3610 510 3660 ea
528 3611 563 3660 re
587 3592 752 3683 Zumptius
773 3602 804 3662 00
834 3592 1010 3683 Madvigius
1034 3598 1196 3662 censeant.
1223 3613 1241 3658 «
1272 3591 1332 3660 Illa
1350 3591 1516 3672 adieetiva,

414 3708 457 3777 ait
470 3707 648 3798 Zumptius,
669 3716 774 3799 genet.
795 3709 966 3799 adripiunt,
988 3708 1015 3780 si
1033 3708 1072 3776 de
1091 3706 1235 3777 interiori
1268 3715 1299 3776 00
1325 3707 1358 3774 in
1384 3707 1455 3796 ipsa
1483 3726 1519 3776 re

414 3822 519 3912 pesile
544 3803 765 3907 similitudine,
786 3825 852 3895 sive
870 3825 910 3895 de
939 3835 1073 3894 naturae
1100 3832 1132 3894 et
1156 3843 1285 3893 murum
1309 3821 1520 3891 similitudine

414 3939 530 4030 egitur.
558 3939 624 4008 Lir.
641 3945 668 4023 Ι,
690 3945 732 4011 20
749 3963 766 4008 «
788 3941 864 4032 quia
892 3940 1068 4011 incivitate
1093 3939 1247 4010 bellicosa
1263 3938 1374 4029 pimus
1393 3940 1520 4006 llnmuli

414 4075 511 4145 quam
524 4057 771 4126 Numaesimiles
790 4077 881 4148 reges
898 4055 1031 4147 putabat
1049 4056 1128 4126 lare.
1146 4078 1164 4121 u
1182 4054 1319 4144 Madvig.
1337 4077 1345 4122 :
1368 4055 1519 4122 «Similis

415 4174 610 4260 (consimilis,
637 4174 804 4261 adsimilis)
837 4181 869 4242 00
892 4173 1052 4241 dissimilis
1071 4171 1157 4262 apud
1180 4171 1321 4261 optimas
1345 4170 1519 4259 scriptores

415 4289 534 4380 pariter
550 4309 624 4358 eum
655 4289 801 4382 genetiva
830 4297 861 4359 00
895 4287 1001 4358 dativo
1023 4295 1267 4366 construuntur,
1294 4284 1361 4354 lere
1391 4303 1521 4373 semper

414 4415 522 4477 tamen
552 4426 624 4477 num
641 4414 768 4497 genet„
790 4405 816 4475 si
844 4405 883 4474 de
901 4403 1119 4474 animantibus
1146 4401 1331 4492 (praecipue
1354 4398 1394 4469 de
1413 4398 1474 4467 diis
1488 4406 1521 4468 et

416 4520 615 4609 haminibus)
639 4520 754 4612 agitur.
776 4542 794 4588 t>
808 4518 937 4610 Vergilii
949 4538 1029 4588 usus
1044 4517 1088 4588 nil
1108 4516 1184 4587 huie
1205 4514 1342 4606 Zumptii
1356 4512 1521 4584 doetrinae

418 4637 526 4724 (euiel
544 4640 668 4728 Kriiger
691 4635 878 4724 assentitur)
905 4640 1073 4725 repugnat.
1092 4637 1129 4703 ln
1149 4631 1301 4703 amnibus
1326 4627 1518 4712 unitationis,
