3528 5604
439 1077 457 1164 ς
476 1077 756 1147 t.-Gunur1vus
774 1091 952 1145 nrnrrvrvus
970 1089 1038 1142 srva
1056 1088 1163 1141 remus

299 1393 359 1458 Per
376 1387 559 1479 genetivum
576 1406 628 1457 res
646 1386 686 1457 ad
704 1386 799 1456 aliam
818 1393 969 1478 tanquam
985 1354 1027 1455 ad
1044 1392 1146 1456 totum
1165 1383 1256 1456 euius
1274 1403 1349 1475 pars

257 1513 317 1587 est,
342 1503 488 1574 refertur.
516 1503 687 1574 Genetivus
709 1503 763 1574 ille
791 1523 830 1574 ex
842 1501 1061 1584 substantivis,
1083 1500 1348 1592 pronominibus,

255 1619 416 1690 adieetivis
428 1627 460 1690 et
473 1619 631 1690 adverbiis
644 1618 773 1710 pendet,
790 1627 821 1689 et
839 1618 1003 1710 genetivus
1020 1620 1126 1700 totius,
1144 1617 1194 1687 vei
1216 1619 1347 1706 puteris,

257 1735 307 1806 vel
319 1737 492 1825 partitibus
507 1743 648 1806 vocatur.

300 1927 345 2020 n)
366 1929 473 2000 Primo
502 1930 666 2022 genetivus
694 1930 734 2000 ab
761 1931 890 2002 numine
919 1929 1126 2020 quantitatem
1153 1927 1350 2018 exprimente

257 2043 385 2134 pendet,
411 2045 478 2115 sive
496 2065 613 2117 nomen
637 2047 679 2117 sit
698 2046 945 2127 substantivum,
967 2043 1033 2114 sive
1061 2051 1211 2114 neutrum
1230 2064 1350 2135 preno-

257 2159 353 2230 minis
371 2160 421 2231 vei
442 2160 586 2232 adieetivi
605 2162 780 2232 numeralis
808 2159 1006 2232 substantive
1029 2167 1233 2250 usurpatum.
1258 2158 1351 2242 Quod

257 2274 290 2344 in
309 2295 404 2365 prusa
421 2276 564 2347 oratione
578 2276 698 2368 ubique
714 2275 785 2348 [ieri
802 2275 894 2347 solet.

300 2394 335 2460 Α.
355 2395 383 2472 Ι,
399 2397 456 2461 60t
481 2419 496 2456 «
526 2395 683 2481 Quidquid
702 2392 823 2484 ubique
846 2400 895 2463 est
911 2393 1009 2480 gentis
1032 2393 1225 2480 Dardaniae.
1248 2414 1266 2460 a
1292 2395 1346 2476 IX,

257 2511 354 2577 274«
374 2510 485 2598 Campi
502 2511 584 2596 quud
598 2528 654 2579 reu
670 2508 766 2580 habet
777 2509 847 2600 ipse
860 2509 1002 2579 Latinus.
1021 2531 1038 2575 »
1054 2511 1090 2577 E.
1107 2511 1160 2590 VI,
1176 2511 1218 2578 26
1235 2530 1253 2575 «
1271 2508 1352 2578 Huic

256 2625 347 2693 atiud
359 2625 504 2692 mercedis
518 2622 589 2694 erit.
607 2646 625 2692 a
641 2623 685 2694 ef.
700 2623 822 2694 Ennius
837 2646 844 2692 :
863 2622 977 2714 eequid
991 2623 1050 2692 erit
1061 2623 1196 2711 praemii
1208 2630 1256 2692 2»
1275 2623 1352 2710 quid

257 2738 318 2809 hee
333 2741 490 2822 clamoris,
513 2741 590 2826 quid
607 2738 667 2810 hee
684 2739 737 2809 hie
754 2740 883 2834 tumulti
901 2741 977 2809 est?
1004 2761 1023 2806 »
1050 2738 1153 2808 Plaut.
1178 2737 1250 2806 dul.
1269 2741 1296 2820 Ι,
1317 2741 1350 2820 2,

259 2856 301 2922 39
320 2875 337 2919 «
354 2855 431 2940 quid
448 2871 556 2922 rerum
573 2872 681 2944 geram
694 2855 710 2922 Ι
725 2876 744 2921 »
762 2851 875 2923 Bacch.
894 2855 921 2935 Ι,
949 2858 981 2934 2,
1003 2855 1057 2920 9«
1084 2852 1161 2939 quid
1184 2848 1243 2924 tibi
1268 2871 1352 2919 eom-

257 2969 434 3038 mereistrn
453 2973 545 3038 Luer.
561 2972 603 3052 ΙΙ,
625 2975 665 3039 td
681 2991 699 3037 u
714 2968 844 3060 Degitur
856 2971 913 3037 boe
930 2970 998 3037 aevi
1016 2965 1242 3058 quodcumque
1256 2974 1351 3037 est.»

258 3087 295 3167 V,
326 3090 389 3155 320
406 3078 426 3153 'u
447 3089 540 3156 omae
558 3094 716 3156 terrarum
745 3093 892 3176 superest
918 3084 996 3154 arvi.
1025 3085 1126 3154 vdie.
1148 3085 1216 3168 Tin,
1242 3087 1284 3167 Π,
1311 3087 1353 3152 ΙΙ

260 3202 378 3268 «nibil
399 3208 448 3270 est
465 3203 590 3288 negotii,
611 3223 629 3269 v
648 3205 737 3271 Terr.
766 3204 823 3282 ΙΙΙ,
852 3205 894 3270 52
913 3222 931 3267 «
952 3199 1031 3269 nihil
1051 3202 1165 3288 reliqui
1182 3199 1310 3270 fenerat.
1333 3222 1352 3267 »

259 3314 441 3395 Liv.11,35
460 3337 478 3382 «
495 3317 648 3404 quidquid
663 3324 731 3385 erat
744 3329 888 3404 petrum.
911 3338 929 3382 »
955 3319 1035 3397 XXI,
1066 3320 1106 3385 52
1126 3337 1144 3381 a
1163 3317 1245 3403 quod
1269 3314 1355 3384 intra

259 3429 404 3500 Trebiam
425 3431 612 3522 Padumque
633 3434 706 3519 agri
727 3440 787 3501 est.
810 3454 828 3498 »
852 3430 952 3501 Catul.
983 3435 1035 3512 vl,
1058 3433 1098 3499 ΙΙ
1119 3453 1137 3497 «
1165 3429 1202 3499 Ni
1224 3437 1259 3500 tu
1278 3432 1355 3518 quid

259 3547 354 3617 fatias
373 3549 575 3636 ineptiarum.
592 3570 609 3614 a
628 3547 783 3618 Her.·0d.
804 3551 845 3629 ΙΙ,
864 3552 895 3629 Ι,
913 3551 954 3616 23
971 3569 989 3613 u
1005 3549 1128 3616 cuneta
1140 3559 1313 3616 terrarum.
1334 3569 1352 3613 a

302 3661 625 3732 Animadvertendum
646 3671 695 3732 est
712 3662 893 3754 genetivum
920 3661 1105 3752 partitivum
1123 3668 1197 3751 post
1218 3661 1351 3747 aliquid,

260 3781 336 3867 quid
349 3789 409 3849 etr.
431 3797 525 3868 saepe
543 3778 697 3848 iniuriose
715 3779 876 3869 usurpari,
898 3779 985 3869 quod
1003 3799 1043 3849 eu
1062 3783 1132 3848 Ter.
1154 3780 1269 3866 Hecyr.
1298 3779 1350 3858 lv,
1369 3807 1372 3818 ·

261 3897 292 3976 Ι,
306 3899 342 3963 2Ι
375 3894 580 3964 manifestum
594 3902 663 3964 est:
682 3917 699 3961 «
716 3894 777 3965 Sed
809 3897 887 3982 quid
897 3897 1038 3963 mulieris
1051 3913 1184 3964 uxerem
1198 3889 1297 3962 habes
1307 3893 1352 3958 t»

261 4009 347 4099 quod
373 4009 484 4100 gallice
506 4008 628 4100 vulgari
656 4009 817 4080 locutione
838 4009 899 4078 diei
925 4009 1051 4100 pessit:
1081 4031 1100 4075 a
1129 4011 1178 4077 Un
1207 4005 1286 4077 baut
1313 4004 1353 4076 de

260 4127 398 4208 femme;
419 4125 524 4216 quelle
549 4127 661 4216 espdee
679 4126 718 4196 de
735 4126 878 4197 fernme?
899 4149 940 4209 »3
969 4133 1052 4196 reete
1079 4144 1154 4196 vern
1173 4122 1353 4215 germanice

260 4241 449 4312 translatum
466 4264 473 4309 :
492 4263 509 4307 «
525 4245 599 4311 Was
613 4240 664 4310 fiir
676 4240 727 4311 ein
743 4241 835 4310 stiirk
851 4259 913 4310 von
928 4239 1039 4310 weiht
1054 4262 1072 4307 »
1087 4243 1157 4308 Ter.
1173 4237 1271 4307 Andr.
1288 4239 1352 4307 745

261 4378 278 4422 v
293 4357 369 4443 quid
381 4353 428 4423 illi
439 4357 598 4440 domiuum
611 4353 760 4446 litiganti
774 4377 837 4421 »=
850 4363 929 4444 quot
940 4353 1098 4424 hemines.
1112 4352 1243 4422 Nullum
1255 4351 1352 4424 huius

260 4469 423 4562 partititivi
439 4470 575 4560 genetivi
591 4470 773 4562 exemplum
791 4470 877 4562 apud
891 4468 1064 4560 Vergilium
1082 4467 1219 4560 reperio.

303 4664 351 4757 u)
373 4665 522 4737 Neutrius
543 4667 669 4758 generis
697 4665 850 4742 adieetiva
867 4675 934 4758 'pro
964 4663 1171 4738 substantivis
1197 4669 1353 4756 usurpata
