3540 5612
700 657 740 672 --
764 624 894 692 333--

247 807 325 874 Stat.
346 802 446 874 Ilreh.
467 805 535 886 VII,
556 807 620 872 558
644 825 662 870 3
687 807 752 886 Quo
771 813 827 874 tua
845 803 886 874 sit
903 802 1032 874 lortuna
1048 799 1123 870 loco.
1145 824 1163 870 »
1182 800 1250 872 Liv.
1270 811 1346 872 tuno

246 918 349 1009 ponit,
368 928 445 1008 tuno
461 918 579 990 omittit
596 921 631 988 33
652 942 659 988 :
681 923 722 1003 II,
740 923 794 1003 37,
811 926 831 989 5
851 942 869 986 3
888 917 993 989 Missis
1007 917 1048 987 ad
1061 916 1211 990 consules
1225 917 1346 988 nuntiis

245 1055 306 1123 pue
321 1036 385 1104 loco
398 1054 451 1105 res
466 1043 586 1105 333333.
606 1057 623 1102 3
643 1038 793 1118 XXXVII,
814 1039 867 1118 33,
889 1040 908 1103 5
929 1058 947 1102 3
966 1038 1007 1104 Iu
1019 1034 1132 1104 eodem
1150 1033 1233 1104 loco.
1256 1056 1274 1100 3
1290 1036 1345 1115 33,

247 1155 266 1220 I
287 1173 305 1218 3
325 1154 531 1242 Quocumque
544 1153 579 1221 iu
590 1153 666 1221 loeo.
683 1174 702 1218 3
717 1154 784 1234 VII,
800 1155 854 1234 35,
871 1154 891 1219 7
906 1173 925 1219 3
939 1155 981 1220 lc
993 1171 1026 1219 co
1040 1152 1103 1221 loco
1118 1158 1194 1220 sunt
1205 1168 1257 1219 res
1272 1167 1347 1218 uos-

246 1273 325 1336 trae.
343 1268 431 1348 3ΙΙΙ,
449 1269 503 1348 68,
521 1269 540 1334 3
556 1287 573 1332 3
590 1264 701 1335 Peiore
714 1264 797 1336 loco.
815 1288 835 1356 3
853 1305 893 1316 -
909 1265 972 1336 cic.
989 1284 1101 1356 praep.
1118 1273 1191 1335 ante
1206 1263 1348 1355 singula·
1381 1307 1384 1316 .

247 1401 315 1452 rem
338 1383 401 1451 loco
426 1381 508 1452 solet
529 1381 689 1464 omittere,
709 1389 782 1451 ante
800 1379 958 1472 pluralem
977 1384 1049 1452 loeis
1067 1401 1134 1452 non
1151 1379 1269 1452 omittit
1286 1378 1349 1450 nisi
1467 1453 1471 1460 ,

247 1495 376 1568 accedat
407 1496 576 1568 relativum
608 1496 657 1568 vel
690 1497 1013 1569 demonstrativum:
1048 1502 1137 1568 Fam.
1163 1499 1348 1586 V11,20,2

248 1617 436 1696 «Remoto,
462 1611 596 1696 salubri,
622 1632 756 1684 amaena
781 1615 856 1683 loco.
877 1637 896 1682 »
919 1617 973 1696 IV,
999 1618 1031 1696 3,
1056 1617 1076 1683 l
1100 1636 1118 1682 3
1142 1609 1295 1696 Isenim,
1321 1611 1349 1680 si

247 1749 280 1798 eo
298 1731 363 1798 loco
380 1736 477 1800 esset.
498 1751 516 1798 3
535 1732 625 1799 Brut.
651 1733 705 1812 32,
733 1733 795 1801 323
826 1752 846 1798 3
877 1729 985 1801 Oratio
1009 1728 1142 1820 puerilis
1168 1737 1217 1800 est
1241 1729 1349 1798 multis

248 1848 332 1918 locis.
360 1871 378 1915 3
402 1887 443 1898 -
467 1850 542 1918 Cato
564 1850 603 1917 R.
624 1850 663 1916 Il.
686 1867 713 1917 o.
737 1852 749 1915 3
776 1846 847 1916 «si
863 1846 996 1938 poteris,
1016 1845 1077 1917 sub
1096 1843 1201 1918 radice
1230 1844 1349 1917 montis
1404 1830 1408 1836 ’

248 1961 320 2046 siet,
337 1961 371 2031 in
385 1961 553 2033 meridiem
570 1970 702 2052 spectet,
720 1963 785 2032 loeo
807 1964 940 2032 3333333.
963 1986 981 2031 3
999 1967 1080 2032 Eoo.
1101 1965 1182 2032 333.
1203 1964 1288 2044 XIII,
1308 1961 1322 2030 l
1339 2014 1347 2029 .

248 2082 268 2147 3
290 2081 392 2160 «Quo
416 2097 468 2148 res
492 2097 588 2168 sapsa
611 2079 669 2167 (=
690 2077 774 2169 ipsa)
799 2080 862 2148 loeo
886 2097 957 2150 sesa
980 2086 1119 2150 ostentat
1139 2077 1304 2168 iubetque.
1330 2099 1349 2144 3

248 2197 344 2285 Ρ333.
359 2197 417 2277 ΙΙΙ,
436 2199 491 2276 35,
511 2197 553 2264 39
572 2196 661 2282 (cum
679 2195 807 2284 praep.)
825 2216 843 2262 3
862 2177 904 2263 Ic
920 2196 1028 2265 3333333
1046 2201 1184 2266 mortem
1203 2191 1351 2264 habitura
1431 2235 1433 2242 =

249 2310 335 2380 locis.
353 2333 371 2379 »

295 2444 405 2536 33333,
436 2439 522 2507 mori
553 2461 561 2506 :
592 2440 628 2506 Α.
660 2441 687 2520 Ι,
708 2442 728 2506 3
748 2458 766 2504 3
788 2438 891 2506 Terris
914 2437 1050 2508 iactatus
1079 2445 1111 2507 et
1136 2439 1213 2506 olto.
1246 2458 1264 2504 3
1292 2433 1351 2504 Hic

249 2554 367 2646 plurali
399 2573 534 2626 numero
565 2555 658 2622 terris
684 2552 781 2642 plane
810 2550 971 2642 poeticum
999 2561 1048 2624 est
1077 2576 1085 2636 ;
1112 2554 1204 2622 333333
1232 2564 1260 2620 et
1285 2552 1351 2622 ulto

248 2699 292 2725 =
309 2682 397 2740 terro
416 2671 571 2757 murique.
596 2672 632 2738 Α.
657 2671 711 2751 IX,
737 2671 794 2738 333
820 2690 839 2734 3
857 2669 925 2738 Η33
947 2687 1020 2737 sum
1042 2680 1187 2755 33333333
1208 2667 1352 2752 marique

252 2793 371 2856 secuta.
398 2807 417 2852 3
439 2787 478 2867 X,
504 2787 568 2854 362
593 2806 611 2852 3
635 2787 703 2852 Iam
732 2802 815 2873 quae
844 2801 961 2872 passus
984 2794 1130 2869 33333333
1152 2785 1305 2870 33333333.
1332 2805 1350 2850 3

251 2902 328 2970 Cum
346 2918 456 2992 praep.
477 2903 513 2969 Α.
535 2902 619 2982 VIII,
640 2903 704 2968 200
725 2921 743 2965 3
764 2900 854 2970 Meri
872 2900 906 2966 33
924 2898 1000 2966 olto.
1023 2921 1041 2965 »

295 3030 340 3100 ct.
356 3031 423 3101 Liv.
440 3034 467 3113 Ι,
486 3034 528 3099 23
546 3052 564 3098 3
583 3028 717 3100 Multum
737 3028 782 3098 illi
799 3041 897 3112 terro,
917 3028 1056 3098 multum
1074 3029 1159 3098 mori
1177 3027 1311 3119 pollent.
1333 3050 1351 3096 »

251 3151 329 3218 Cum
347 3167 457 3239 33333.
478 3151 629 3230 XXXVII,
650 3151 704 3230 23,
721 3153 740 3216 5
760 3169 778 3213 3
794 3145 1049 3237 Trepidaturquo
1067 3165 1140 3216 oum
1160 3144 1303 3236 paritulo
1322 3134 1354 3214 ot

250 3268 286 3334 33
312 3267 446 3336 martel
465 3266 499 3333 33
526 3278 623 3334 terra.
655 3279 673 3332 3
697 3262 759 3334 Cic.
785 3281 858 3332 eum
877 3281 989 3353 praep.
1009 3261 1074 3332 Pis.
1097 3267 1137 3331 39
1157 3284 1177 3330 3
1196 3261 1294 3333 Periit
1320 3264 1354 3330 ic

251 3381 347 3448 33333.
367 3401 385 3446 3
405 3379 513 3450 Cicero
540 3376 812 3470 praepositionem
839 3376 958 3448 omittit
972 3385 1045 3448 ante
1058 3375 1254 3450 locutionem
1268 3391 1355 3448 terre

250 3497 405 3584 33333333,
426 3515 500 3565 cum
516 3494 580 3566 duo
599 3493 731 3567 nomina
743 3493 787 3563 ita
799 3501 868 3564 arte
880 3492 1052 3564 cohaerent
1066 3501 1101 3562 ut
1114 3492 1148 3564 in
1161 3514 1263 3568 uuum
1277 3513 1354 3564 oon-

252 3610 386 3693 llentur;
407 3610 435 3681 si
449 3629 525 3681 vero
538 3609 775 3701 disiungantur,
791 3616 828 3678 ut
841 3607 875 3677 in
887 3607 958 3680 looo
974 3627 1015 3678 ex
1028 3607 1115 3680 Livio
1133 3629 1232 3702 supra
1245 3609 1352 3692 allato,

252 3727 414 3817 poeticum
427 3745 499 3798 esse
513 3733 621 3798 censet
635 3745 746 3817 praep.
761 3723 908 3796 omittere
922 3725 990 3794 rin.
1007 3728 1044 3808 V,
1062 3728 1093 3808 3,
1110 3730 1130 3794 9
1144 3747 1163 3794 3
1176 3729 1296 3800 Natura
1309 3724 1355 3795 sic

254 3842 294 3912 ab
321 3842 361 3913 iis
392 3841 580 3934 investigata
606 3849 667 3925 est,
688 3849 725 3912 ut
750 3840 840 3912 nulla
856 3860 932 3931 pars
947 3843 1042 3923 coelo,
1072 3844 1170 3924 mort,
1195 3855 1294 3925 33333,
1319 3848 1356 3914 33

152 4004 159 4015 .
250 3961 365 4049 poetice
381 3958 507 4050 loquar,
526 3957 754 4050 praetermissa
771 3956 823 4028 sit.
846 3981 864 4026 3

298 4132 332 4198 3⁰
358 4127 515 4221 Vergilius
529 4147 605 4200 vcro
623 4147 689 4200 333
706 4126 812 4198 solum
830 4147 931 4211 33333,
953 4127 1010 4198 333
1030 4136 1062 4198 33
1080 4127 1151 4200 eius
1171 4127 1260 4199 verbi
1278 4147 1356 4199 cou-

256 4244 373 4315 similia
385 4245 529 4335 3333333,
544 4258 673 4336 poclm,
687 4265 804 4333 aequor
821 4244 933 4316 eadem
945 4244 1068 4318 ratione
1081 4245 1249 4318 construit.
1270 4250 1306 4316 Α.
1326 4250 1353 4330 Ι,

255 4365 297 4430 70
315 4384 334 4428 3
353 4363 414 4430 333
428 4381 486 4453 age
508 4359 653 4431 diversos
675 4368 708 4430 et
730 4359 828 4432 disice
850 4379 986 4452 corpora
1005 4373 1112 4451 33333.
1137 4387 1152 4426 3
1176 4364 1214 4432 G.
1239 4367 1266 4446 I,
1292 4367 1355 4435 372

258 4474 403 4545 «Omnis
420 4474 527 4546 nauita
538 4456 633 4566 33333
651 4474 785 4546 humida
803 4474 874 4545 vela
884 4475 972 4568 legit.
990 4500 1008 4546 »
1027 4481 1063 4548 I.
1083 4481 1137 4562 IX,
1154 4481 1210 4550 323
1236 4501 1255 4546 3
1274 4483 1356 4549 Poc-

257 4604 351 4686 thue
364 4591 523 4664 leuantur.
540 4615 558 4686 3
572 4596 609 4663 t.
628 4595 681 4676 VI,
697 4595 760 4664 335
774 4613 792 4661 3
807 4590 867 4676 Qu
880 4589 948 4664 lore
961 4599 1100 4685 tepente
1112 4594 1319 4668 ineolumem.
1336 4618 1356 4664 3

1226 4763 1252 4808 It
