3540 5612
551 739 555 750 .
674 671 869 741 -487-

213 861 313 929 cultu.
335 884 350 920 4
371 861 424 938 IV,
448 860 482 923 44
509 880 524 918 «
547 857 648 935 Quem
672 872 744 922 sese
761 872 813 920 446
832 852 938 922 lerens
960 852 967 918 4
1002 875 1017 913 4
1046 854 1083 933 V,
1112 853 1176 919 247
1193 853 1324 918 «Parte

213 974 303 1046 ferox
320 973 503 1062 ardensque
521 971 630 1039 ocutis.
657 994 672 1031 4
693 971 744 1038 vl.
766 973 830 1038 494
844 995 859 1032 v
878 968 1045 1036 Laniatum
1059 985 1193 1056 ‘corpore
1207 979 1281 1035 toto.
1306 991 1322 1027 4

213 1094 266 1171 Ill,
300 1095 341 1159 40
368 1115 383 1153 v
412 1091 534 1157 Aeneas
565 1085 708 1176 optimus
738 1087 850 1154 armis.
883 1108 898 1146 4
923 1088 961 1166 ll,
992 1086 1048 1151 444
1082 1109 1097 1146 α
1129 1084 1223 1151 Bellis
1251 1101 1324 1151 4464
1447 1078 1450 1083 ’

212 1205 381 1276 Halaesus.
406 1228 420 1266 4

255 1323 337 1389 Nota
359 1317 534 1388 ablativum
558 1317 663 1408 pretii,
690 1317 730 1386 ad
754 1335 941 1386 mensuram
965 1317 1191 1406 pertinentem,
1216 1318 1252 1383 Α.
1280 1317 1321 1396 ΙΙ,
1385 1361 1387 1366 .
1486 1349 1489 1356 ·

213 1439 276 1504 404
297 1462 311 1498 v
335 1435 368 1503 Si
387 1454 500 1504 omnes
516 1454 580 1503 noo
598 1429 706 1501 ordior
725 1431 849 1503 habetis
867 1432 1002 1503 Achivos
1030 1457 1045 1494 4
1070 1465 1101 1488 =
1129 1459 1144 1496 4
1168 1431 1194 1501 si
1210 1451 1323 1502 omnes

212 1554 349 1621 Graecos
376 1550 490 1620 eodem
514 1549 584 1620 loco
607 1548 793 1633 habetis‚si
818 1548 992 1618 discrimen
1019 1568 1085 1618 non
1110 1547 1212 1618 iacitis
1241 1547 1324 1617 inter

210 1676 334 1738 ceteros
357 1670 507 1747 Graecos,
534 1665 653 1755 quibus
678 1665 748 1735 iuro
768 1664 885 1734 infensi
904 1664 994 1746 estis
1016 1673 1048 1733 et
1067 1682 1131 1746 me,
1154 1663 1209 1756 qui
1232 1662 1323 1734 vobis

212 1803 285 1854 sum
300 1783 423 1852 amicus
437 1792 470 1853 et
488 1781 586 1851 rebus
604 1781 718 1851 vestris
736 1781 883 1853 consulo.
908 1805 922 1842 4
944 1778 1102 1871 (Forbig.)

257 2013 310 2076 44.
340 2043 381 2056 -
416 2011 461 2076 De
490 2005 629 2076 ablativo
659 2005 898 2076 iustrumentali
923 2005 1181 2094 comparationis,
1210 2003 1324 2095 quiin

211 2122 387 2192 ablativum
412 2141 586 2192 mensurae
618 2129 650 2190 et
672 2120 871 2190 differentiae
898 2121 1049 2210 pertinet,
1082 2118 1165 2189 hanc
1198 2117 1325 2210 Vergilii

211 2239 485 2310 constmctionem
513 2237 770 2307 animadvertas:
796 2240 833 2304 Α.
865 2240 891 2318 l,
913 2241 953 2306 l5
971 2263 985 2299 «
1004 2239 1108 2317 Quam
1126 2239 1208 2306 luno
1223 2236 1325 2305 fertur

211 2359 304 2427 terris
316 2358 418 2442 mepta
432 2357 575 2424 omnibus
588 2374 688 2425 unam
707 2353 894 2424 Posthabito
915 2353 1054 2424 coluisse
1073 2357 1182 2423 Samo.
1207 2357 1325 2435 »Quae

211 2473 342 2564 quidem
362 2472 557 2544 constructio
584 2491 716 2562 perrara
738 2479 798 2540 est.
820 2469 1007 2540 Perizonius
1028 2469 1124 2540 etiarn
1142 2479 1238 2561 negat
1252 2490 1323 2540 eam

212 2589 244 2657 in
271 2597 339 2657 arte
357 2586 566 2678 grammatica
591 2606 674 2656 esso.
705 2585 792 2656 Solet
816 2585 903 2655 enirn
928 2585 1087 2656 ablativus
1103 2594 1227 2655 tantum
1248 2586 1324 2675 poni

212 2723 285 2772 oum
299 2701 535 2791 comparativus
555 2720 620 2771 uno
647 2709 678 2770 et
696 2698 835 2790 simplici
854 2698 952 2770 verbo
977 2699 1009 2768 in
1032 2701 1093 2780 ior,
1110 2701 1160 2769 ius
1188 2708 1324 2770 exeunte

212 2817 413 2909 exprimitur.
435 2817 468 2885 Si
483 2825 590 2886 autern
606 2815 843 2906 comparativus
859 2834 917 2904 per
930 2818 1033 2903 mepta
1047 2815 1249 2906 exprimitur,
1266 2835 1325 2905 per

211 2955 308 3022 quum
322 2933 511 3003 adverbium
526 2931 663 3002 solvitur
677 2930 847 3001 ablativus.
869 2933 905 2998 Α.
924 2934 976 3013 444,
999 2935 1034 2998 34
1056 2960 1071 2996 a
1091 2933 1198 3000 04446
1222 2935 1324 3019 mepta

212 3049 327 3120 dilecta
351 3049 466 3119 sorori.
487 3074 501 3110 4
518 3052 553 3130 V,
575 3050 638 3116 724
656 3074 670 3111 4
690 3050 779 3127 Nate,
801 3045 880 3115 mibi
898 3047 965 3115 vita
982 3065 1054 3116 care
1077 3048 1189 3134 empto.
1211 3049 1278 3114 nti.
1295 3051 1321 3128 l,

212 3171 252 3235 35
281 3193 297 3229 o
325 3164 409 3235 Caeli
424 3169 510 3234 tusto
533 3165 607 3253 ptus
630 3175 724 3252 purte
752 3162 915 3252 relinquit.
942 3187 957 3224 4
985 3161 1115 3231 Nullum
1131 3161 1220 3231 aliud
1238 3163 1324 3252 apud

211 3281 386 3372 Vergilium
418 3281 489 3351 eius
522 3278 771 3351 constructionis
802 3276 987 3368 exemplum
1022 3277 1195 3346 invenitur.
1232 3278 1325 3368 Apud

211 3397 380 3469 Horatium
399 3395 496 3465 etiam
523 3415 595 3465 4444
608 3403 742 3485 apparet
765 3393 806 3463 cl.
835 3396 868 3461 S.
893 3398 920 3476 l,
942 3398 974 3476 6,
1004 3397 1046 3462 al
1068 3423 1083 3458 4
1102 3393 1211 3464 Gloria
1226 3394 1325 3465 trahit

212 3535 310 3586 curru
335 3533 400 3582 non
419 3515 525 3581 minus
539 3511 667 3603 ignotos
692 3511 857 3599 panormia.
879 3535 894 3571 4
913 3513 945 3578 S.
970 3512 996 3590 l,
1019 3514 1050 3578 4.
1077 3515 1118 3578 54
1146 3536 1161 3573 «
1180 3514 1243 3580 Cur
1270 3520 1326 3581 tua

208 3628 283 3715 plus
296 3627 408 3698 laudes
422 3630 558 3698 cumeris
573 3626 721 3718 granaria
736 3627 863 3694 uostris.
885 3650 900 3687 4
917 3624 976 3694 Od.
998 3629 1051 3707 lv,
1079 3629 1133 3707 44,
1154 3630 1194 3695 43
1210 3653 1224 3689 n
1248 3627 1325 3695 Plus

211 3747 276 3811 oica
290 3744 440 3834 simplici.
459 3769 474 3805 4
490 3749 583 3813 Lucr.
601 3746 658 3826 ΙΙΙ,
673 3746 736 3810 275
751 3768 766 3806 «
784 3745 846 3812 Nec
860 3743 962 3828 mepis
976 3744 1036 3810 duc
1049 3741 1132 3811 inira
1147 3741 1325 3832 quidquam

212 3841 261 3929 ost
273 3859 304 3929 in
318 3880 454 3950 corpore
469 3869 593 3931 nostro.
616 3884 630 3921 4

257 3990 317 4060 Sed
336 3999 461 4060 veteres
477 3989 650 4079 scriptores
668 3987 770 4058 multo
787 3987 988 4077 frequentius
1012 4009 1083 4058 eam
1109 3987 1323 4056 constructio-

213 4127 286 4176 nem
300 4115 474 4196 usurpant,
491 4106 578 4197 qvvod
599 4105 809 4196 sequentibus
834 4105 912 4175 locis
927 4106 1149 4186 confirmatur,
1177 4124 1259 4196 quos
1284 4104 1324 4173 ab

213 4221 338 4292 Holtzio
351 4222 464 4292 citatos
482 4222 621 4293 invenio.
639 4227 734 4314 legg.
752 4226 809 4290 llll
827 4221 893 4292 tab.
914 4225 953 4302 ll,
975 4222 1013 4291 44.
1036 4229 1057 4290 a
1078 4249 1093 4285 4
1114 4226 1182 4290 Hoc
1196 4224 1325 4310 plusne

214 4335 317 4406 lacito.
344 4361 359 4397 4
383 4335 486 4406 Plaut.
508 4339 578 4406 Cas.
606 4340 647 4416 44,
666 4340 698 4417 3,
721 4335 1037 4405 sermomonem
1059 4337 1162 4423 mupis
1188 4337 1290 4404 initio.
1309 4361 1324 4397 4

214 4449 329 4521 Pseud.
348 4454 405 4532 ΙΙΙ,
421 4456 454 4533 2,
472 4456 514 4520 20
535 4479 549 4515 4
573 4457 621 4521 446
636 4471 732 4522 nemo
746 4459 853 4541 potest
865 4450 1184 4541 minorisquisquam
1197 4471 1326 4520 nummo

214 4575 249 4636 ut
263 4587 392 4658 surgam
409 4566 570 4658 subigere.
595 4571 674 4648 4444,
692 4572 723 4649 4,
743 4568 815 4634 474
835 4570 944 4657 Neque
958 4587 1018 4658 ego
1033 4569 1091 4636 boc
1104 4569 1226 4636 domiue
1241 4588 1326 4636 nnn·
1418 4599 1421 4604 ·

215 4704 310 4773 quam
338 4703 535 4774 quemquam
563 4682 625 4753 vidi
653 4685 754 4768 monis
778 4680 904 4752 malurn
931 4703 967 4752 ac
990 4682 1185 4754 maleficum.
1211 4708 1226 4745 4
1250 4688 1322 4754 Tor.
