3540 5612
668 606 863 682 '‘wmff

203 800 271 864 mat
297 810 370 862 com
395 807 515 859 ooowro
540 805 605 858 non
632 785 801 877 temporis,
822 783 881 856 sed
898 782 1105 856 instrumenti
1122 783 1310 857 relationem

204 905 397 998 exprimere,
429 911 591 974 eteorum
621 899 678 992 qui
709 917 846 990 «quom
865 917 996 972 uomere
1016 919 1061 971 so.
1093 899 1268 972 recluditur
1295 927 1311 964 6

205 1022 469 1114 interpretantur,
484 1016 729 1109 explicationem
742 1034 813 1086 esse
825 1014 973 1107 frigidam
986 1023 1019 1086 et
1031 1035 1147 1107 parum
1160 1015 1312 1087 subtilem

205 1158 278 1210 esse
295 1136 470 1208 arbitratur
493 1135 540 1222 (6
566 1132 631 1203 this
647 1131 676 1202 is
693 1151 769 1223 very
788 1131 856 1214 ssat,
885 1153 904 1199 6
923 1130 1054 1222 inquit).
1087 1135 1208 1204 Censeo
1226 1132 1313 1204 enim

206 1256 459 1344 cumWagnero
482 1248 557 1320 huic
575 1256 704 1319 nostrae
717 1245 973 1337 interpretationi
988 1245 1096 1317 locum
1114 1267 1134 1317 a
1151 1247 1261 1318 Servio
1275 1267 1314 1318 ex

207 1372 290 1440 Eun.
311 1366 436 1437 illatum
454 1367 536 1436 dnn.
558 1363 598 1435 ln.
620 1364 683 1434 inc.
711 1367 753 1432 69
773 1385 792 1431 6
811 1360 930 1432 Elludit
953 1381 1048 1436 voces
1079 1364 1212 1458 proprio
1242 1383 1316 1436 666

205 1497 329 1574 pectore
340 1491 452 1554 sancto
469 1504 488 1550 6
505 1481 645 1551 multum
658 1478 812 1571 ponderis
825 1477 956 1552 addere.
1325 1479 1328 1486 '

251 1603 298 1674 dt
317 1626 325 1672 :
346 1605 384 1672 G.
404 1606 431 1685 Ι,
453 1605 517 1672 236
536 1622 555 1668 6
575 1603 709 1690 Semper
731 1597 800 1668 sole
822 1595 956 1680 rubens,
979 1597 1100 1670 torrida
1123 1619 1252 1691 semper
1274 1602 1315 1670 66

208 1720 287 1807 igni.
305 1740 324 1786 6
343 1717 521 1808 Conington
541 1739 549 1784 :
567 1738 585 1782 «
600 1717 640 1784 66
654 1715 721 1802 igni
736 1713 765 1783 is
779 1733 799 1783 a
812 1711 1002 1784 translation
1017 1712 1052 1785 ol
1064 1729 1176 1806 empta
1190 1715 1223 1785 in
1237 1719 1315 1785 Era-

209 1833 370 1905 tosthene.
397 1831 578 1922 Ordinarily
597 1849 648 1900 we
667 1828 784 1901 should
803 1828 884 1900 have
902 1829 1055 1920 expected
1080 1829 1134 1901 the
1161 1829 1225 1901 abl.
1247 1831 1315 1902 ins-

209 1948 376 2022 trumenti.
409 1972 428 2017 6
460 1951 566 2018 Unum
599 1945 661 2017 hoc
687 1943 873 2036 exemplum
900 1943 1029 2015 ablativi
1062 1945 1317 2018 instrumentalis

210 2086 284 2138 cum
297 2069 337 2136 66
351 2064 438 2157 apud
451 2062 626 2156 Vergilium
640 2061 781 2133 invenio.
794 2059 888 2152 Apud
903 2060 1053 2131 Ovidium
1066 2082 1143 2134 vero
1157 2064 1318 2155 permulta

211 2188 396 2264 occurrunt,
417 2199 557 2272 quorum
576 2177 655 2248 haec
673 2197 776 2269 pauca
795 2184 921 2246 tantum
944 2176 1106 2268 proferam
1132 2201 1140 2247 :
1165 2182 1240 2249 Met.
1260 2183 1315 2263 ΙΙΙ,

212 2301 276 2366 leo
289 2319 307 2365 6
320 2294 428 2366 inviso
439 2293 574 2364 meritus
587 2300 757 2383 torquetur
767 2293 808 2360 66
818 2310 913 2361 coro.
934 2316 949 2354 6
963 2291 1058 2362 Trist.
1074 2297 1101 2376 Ι,
1117 2298 1152 2374 2,
1165 2297 1207 2363 lt
1222 2316 1241 2362 6
1256 2297 1319 2366 ltec

212 2410 315 2484 leuius
332 2410 470 2480 laterum
485 2406 614 2479 tabulae
632 2406 792 2478 feriuntur
806 2408 847 2475 66
862 2407 969 2476 oudo.
991 2430 1010 2475 6
1029 2412 1122 2479 Pont.
1142 2414 1201 2495 ΙΙΙ,
1222 2417 1254 2495 5,
1276 2416 1318 2482 lt

213 2552 232 2596 6
252 2533 326 2621 lpse
343 2525 475 2618 quidem
496 2524 604 2596 Getico
622 2543 753 2616 peream
771 2522 909 2594 violatus
927 2527 969 2594 66
985 2545 1079 2596 orco.
1102 2550 1121 2595 6
1144 2532 1225 2598 ltem
1244 2549 1318 2600 cum

213 2642 320 2716 verbis
337 2641 485 2713 neutrius
502 2639 629 2733 generis
647 2659 788 2731 quorum
806 2638 935 2730 passiva
947 2639 1138 2732 significatio
1152 2653 1202 2714 est
1219 2668 1227 2715 :
1242 2649 1316 2716 Met.

214 2763 242 2843 Ι,
263 2763 304 2828 66
324 2781 343 2826 6
361 2756 539 2848 Pluvioque
557 2754 713 2828 madescit
726 2757 766 2825 66
781 2767 904 2826 oestro.
935 2777 954 2823 6
983 2760 1066 2841 Vlll,
1082 2763 1146 2828 etl
1170 2760 1319 2830 «Invitis

215 2883 383 2964 correptus
400 2873 441 2941 66
459 2873 585 2960 orcitus
604 2869 694 2941 arsit.
716 2891 735 2937 6
757 2908 796 2920 -
815 2872 909 2940 Lucr.
929 2873 987 2954 111,
1007 2874 1070 2942 32l
1088 2894 1107 2940 6
1125 2876 1211 2945 llaec
1223 2874 1321 2967 igitur

215 2995 331 3058 natura
349 2993 477 3056 tenetur
494 3003 619 3074 corporo
636 2985 678 3053 66
695 2965 791 3054 66666.
815 3005 833 3052 6
854 3024 895 3036 -
914 2989 1011 3076 Prop.
1031 2989 1084 3070 ΙΙΙ,
1104 2991 1159 3072 25,
1182 2994 1240 3058 56
1260 2989 1322 3061 ista

217 3120 290 3172 sum
308 3101 474 3190 captusne
489 3111 570 3169 orm.
599 3123 615 3162 6

259 3214 352 3310 Apud
367 3233 483 3305 prosae
501 3213 656 3286 orationis
675 3214 849 3306 scriptores
866 3235 906 3286 ea
922 3217 1119 3290 constructio
1137 3218 1321 3304 invenitur,

219 3350 284 3403 non
301 3350 375 3402 rara
393 3327 479 3421 apud
497 3328 647 3400 Livium:
672 3334 714 3414 ΙΙ,
740 3334 795 3414 el,
817 3336 837 3400 5
861 3353 880 3399 6
904 3334 1088 3423 Oppressus
1109 3355 1131 3404 6
1152 3334 1324 3406 tribunicia

215 3461 375 3538 potestate.
392 3469 411 3514 6
428 3449 521 3529 ΙΙΙΙΙΙ,
537 3449 592 3529 23,
613 3451 633 3514 8
654 3467 673 3513 6
694 3455 807 3537 captus
819 3450 860 3518 66
878 3450 1028 3518 doctoris
1040 3452 1186 3522 6666666.
1204 3455 1322 3544 nillil,

219 3567 274 3647 33,
292 3570 335 3633 5:
350 3587 369 3631 6
389 3562 492 3634 Simul
505 3565 546 3633 66
560 3564 728 3651 iniquitate
737 3563 884 3635 locorum
893 3565 992 3635 Poeni
1006 3565 1290 3658 oppugnabantur.
1305 3591 1324 3636 6

221 3678 283 3749 dic.
303 3677 380 3750 lam.
405 3679 442 3762 V,
466 3681 499 3760 2,
521 3682 562 3748 l0
586 3699 605 3745 6
630 3675 778 3748 desertus
796 3679 836 3748 66
859 3680 967 3768 officiis
985 3681 1061 3750 tois.
1083 3703 1101 3750 »
1120 3684 1210 3754 Caes.
1228 3686 1265 3752 B.
1285 3684 1322 3752 (Ι.

220 3798 278 3878 ΠΙ,
298 3798 339 3864 63
358 3817 378 3863 6
395 3796 436 3865 66
448 3806 538 3864 aceto
552 3792 681 3864 relictae
695 3812 805 3865 naves.
827 3816 846 3859 6

255 3917 301 3985 ln
320 3907 484 4005 plerisque
503 3919 611 3982 tamen
629 3911 709 3983 locis
723 3910 780 3982 uhi
797 3932 910 4004 praep.
927 3915 968 3984 66
982 3913 1156 4000 inducitur,
1174 3936 1228 3988 res
1242 3937 1332 4009 quae·

222 4049 319 4100 causa
335 4036 367 4099 et
377 4028 629 4098 instmmentum
642 4026 777 4098 actionis
791 4036 841 4098 est
851 4047 911 4118 pro
923 4048 1064 4121 persona
1072 4040 1180 4123 potest
1190 4030 1302 4102 haberi
1315 4056 1324 4116 ;

222 4154 277 4216 aut
291 4143 500 4237 praepositio,
519 4143 559 4214 ad
577 4142 760 4236 generalem
779 4143 1046 4235 significationem
1065 4146 1207 4232 reducta,
1227 4148 1326 4241 origi-
1381 4129 1383 4134 ’

223 4281 309 4344 nem,
331 4259 438 4331 locum
452 4257 540 4330 unde
558 4258 641 4330 actio
660 4257 875 4350 proficiscitur
892 4259 1001 4352 potius
1019 4281 1117 4353 quam
1137 4262 1245 4354 ipsum
1258 4263 1327 4336 ins-

224 4384 422 4449 tmmentum
440 4375 598 4468 designat.
619 4375 712 4459 Quod
729 4374 861 4468 quidem
880 4386 965 4450 recte
983 4378 1047 4449 iam
1066 4399 1086 4449 a
1101 4379 1268 4452 Perizonio
1287 4381 1327 4452 ad

224 4492 389 4566 sanctium
406 4492 667 4566 animadversum
686 4501 737 4565 est
752 4513 785 4584 p.
801 4496 888 4577 678,
914 4514 948 4565 6.
974 4499 994 4564 9
1014 4516 1034 4562 6
1053 4496 1252 4588 Praepositio
1271 4501 1324 4584 66,

224 4607 341 4700 inquit,
362 4617 510 4703 agentem
526 4617 629 4695 notat,
650 4617 707 4682 aut
724 4627 890 4682 summum
908 4629 1039 4682 causam
1059 4610 1091 4682 in
1110 4611 1326 4687 instmmento

225 4724 332 4802 sitam.
347 4747 367 4799 6
