<?xml version="1.0" encoding="UTF-8"?>
<!DOCTYPE html PUBLIC "-//W3C//DTD XHTML 1.0 Transitional//EN"
    "http://www.w3.org/TR/xhtml1/DTD/xhtml1-transitional.dtd">
<html xmlns="http://www.w3.org/1999/xhtml" xml:lang="en" lang="en">
 <head>
  <title>
</title>
<meta http-equiv="Content-Type" content="text/html;charset=utf-8" />
  <meta name='ocr-system' content='tesseract 3.04.00' />
  <meta name='ocr-capabilities' content='ocr_page ocr_carea ocr_par ocr_line ocrx_word'/>
</head>
<body>
  <div class='ocr_page' id='page_1' title='image "./decasuumsyntaxi00antogoog_0125.png"; bbox 0 0 3490 5604; ppageno 0'>
   <div class='ocr_carea' id='block_1_1' title="bbox 909 663 1102 741">
    <p class='ocr_par' dir='ltr' id='par_1_1' title="bbox 909 663 1102 741">
     <span class='ocr_line' id='line_1_1' title="bbox 909 663 1102 741; baseline -0.01 0"><span class='ocrx_word' id='word_1_1' title='bbox 909 707 949 724; x_wconf 86' lang='lat'>-</span> <span class='ocrx_word' id='word_1_2' title='bbox 974 663 1102 741; x_wconf 84' lang='lat' dir='ltr'>ro·-</span> 
     </span>
    </p>
   </div>
   <div class='ocr_carea' id='block_1_2' title="bbox 455 853 1566 2802">
    <p class='ocr_par' dir='ltr' id='par_1_2' title="bbox 455 853 1566 2802">
     <span class='ocr_line' id='line_1_2' title="bbox 456 853 1559 941; baseline -0.004 -13"><span class='ocrx_word' id='word_1_3' title='bbox 456 861 519 928; x_wconf 83' lang='grc'>778</span> <span class='ocrx_word' id='word_1_4' title='bbox 543 877 562 924; x_wconf 89' lang='grc'>«</span> <span class='ocrx_word' id='word_1_5' title='bbox 583 860 699 928; x_wconf 87' lang='lat' dir='ltr'>Parcae</span> <span class='ocrx_word' id='word_1_6' title='bbox 720 853 869 926; x_wconf 90' lang='lat' dir='ltr'>sinebant</span> <span class='ocrx_word' id='word_1_7' title='bbox 890 855 992 924; x_wconf 84' lang='lat' dir='ltr'>cedere</span> <span class='ocrx_word' id='word_1_8' title='bbox 1009 873 1061 926; x_wconf 90' lang='lat' dir='ltr'>res</span> <span class='ocrx_word' id='word_1_9' title='bbox 1084 855 1186 925; x_wconf 81' lang='lat' dir='ltr'>totio.</span> <span class='ocrx_word' id='word_1_10' title='bbox 1207 877 1227 923; x_wconf 78' lang='lat' dir='ltr'>u</span> <span class='ocrx_word' id='word_1_11' title='bbox 1252 895 1292 906; x_wconf 88' lang='lat'><em>-</em></span> <span class='ocrx_word' id='word_1_12' title='bbox 1312 860 1343 941; x_wconf 82' lang='lat' dir='ltr'>c)</span> <span class='ocrx_word' id='word_1_13' title='bbox 1363 877 1381 923; x_wconf 80' lang='lat' dir='ltr'>e</span> <span class='ocrx_word' id='word_1_14' title='bbox 1397 853 1559 936; x_wconf 89' lang='lat' dir='ltr'>recedere,</span> 
     </span>
     <span class='ocr_line' id='line_1_3' title="bbox 455 969 1561 1054; baseline -0.005 -10"><span class='ocrx_word' id='word_1_15' title='bbox 455 972 607 1044; x_wconf 76' lang='lat' dir='ltr'>decedere</span> <span class='ocrx_word' id='word_1_16' title='bbox 622 995 640 1039; x_wconf 83' lang='lat' dir='ltr'>t&gt;</span> <span class='ocrx_word' id='word_1_17' title='bbox 653 974 689 1041; x_wconf 90' lang='lat' dir='ltr'>A.</span> <span class='ocrx_word' id='word_1_18' title='bbox 707 975 761 1054; x_wconf 86' lang='lat' dir='ltr'>Ill,</span> <span class='ocrx_word' id='word_1_19' title='bbox 780 975 843 1042; x_wconf 92' lang='grc'>726</span> <span class='ocrx_word' id='word_1_20' title='bbox 864 973 936 1040; x_wconf 80' lang='lat' dir='ltr'>«At</span> <span class='ocrx_word' id='word_1_21' title='bbox 952 989 1017 1041; x_wconf 97' lang='lat' dir='ltr'>non</span> <span class='ocrx_word' id='word_1_22' title='bbox 1034 973 1122 1041; x_wconf 77' lang='lat' dir='ltr'>cessit</span> <span class='ocrx_word' id='word_1_23' title='bbox 1139 969 1257 1041; x_wconf 87' lang='lat' dir='ltr'>fiducia</span> <span class='ocrx_word' id='word_1_24' title='bbox 1272 975 1422 1041; x_wconf 77' lang='lat' dir='ltr'>Toeto.»</span> <span class='ocrx_word' id='word_1_25' title='bbox 1442 975 1480 1054; x_wconf 86' lang='lat' dir='ltr'>x,</span> <span class='ocrx_word' id='word_1_26' title='bbox 1495 973 1561 1041; x_wconf 98' lang='grc'>276</span> 
     </span>
     <span class='ocr_line' id='line_1_4' title="bbox 455 1087 1562 1180; baseline -0.005 -20"><span class='ocrx_word' id='word_1_27' title='bbox 455 1090 527 1174; x_wconf 90' lang='lat' dir='ltr'>id.;</span> <span class='ocrx_word' id='word_1_28' title='bbox 556 1093 639 1172; x_wconf 85' lang='lat' dir='ltr'>VIII,</span> <span class='ocrx_word' id='word_1_29' title='bbox 674 1094 737 1160; x_wconf 85' lang='grc'>395</span> <span class='ocrx_word' id='word_1_30' title='bbox 759 1111 778 1157; x_wconf 82' lang='lat' dir='ltr'>c</span> <span class='ocrx_word' id='word_1_31' title='bbox 806 1107 871 1180; x_wconf 89' lang='lat' dir='ltr'>quo</span> <span class='ocrx_word' id='word_1_32' title='bbox 900 1089 957 1158; x_wconf 84' lang='lat' dir='ltr'>tihi</span> <span class='ocrx_word' id='word_1_33' title='bbox 975 1087 1094 1159; x_wconf 89' lang='lat' dir='ltr'>fiducia</span> <span class='ocrx_word' id='word_1_34' title='bbox 1121 1089 1282 1158; x_wconf 75' lang='lat' dir='ltr'>cessitis</span> <span class='ocrx_word' id='word_1_35' title='bbox 1306 1125 1348 1142; x_wconf 90' lang='lat'><em>-</em></span> <span class='ocrx_word' id='word_1_36' title='bbox 1366 1087 1405 1170; x_wconf 78' lang='lat' dir='ltr'>d)</span> <span class='ocrx_word' id='word_1_37' title='bbox 1436 1096 1562 1158; x_wconf 84' lang='lat' dir='ltr'>«retro</span> 
     </span>
     <span class='ocr_line' id='line_1_5' title="bbox 455 1201 1562 1294; baseline -0.007 -16"><span class='ocrx_word' id='word_1_38' title='bbox 455 1204 579 1287; x_wconf 84' lang='lat' dir='ltr'>cedere,</span> <span class='ocrx_word' id='word_1_39' title='bbox 597 1202 693 1274; x_wconf 87' lang='lat' dir='ltr'>alicui</span> <span class='ocrx_word' id='word_1_40' title='bbox 721 1202 762 1273; x_wconf 93' lang='lat' dir='ltr'>de</span> <span class='ocrx_word' id='word_1_41' title='bbox 789 1202 841 1272; x_wconf 88' lang='lat' dir='ltr'>via</span> <span class='ocrx_word' id='word_1_42' title='bbox 854 1201 1020 1285; x_wconf 91' lang='lat' dir='ltr'>decedere,</span> <span class='ocrx_word' id='word_1_43' title='bbox 1046 1201 1161 1294; x_wconf 91' lang='lat' dir='ltr'>pedem</span> <span class='ocrx_word' id='word_1_44' title='bbox 1180 1202 1299 1273; x_wconf 91' lang='lat' dir='ltr'>relerre</span> <span class='ocrx_word' id='word_1_45' title='bbox 1313 1225 1332 1270; x_wconf 91' lang='lat'>»</span> <span class='ocrx_word' id='word_1_46' title='bbox 1351 1205 1386 1272; x_wconf 90' lang='lat' dir='ltr'>A.</span> <span class='ocrx_word' id='word_1_47' title='bbox 1406 1205 1474 1285; x_wconf 87' lang='lat' dir='ltr'>IIII,</span> <span class='ocrx_word' id='word_1_48' title='bbox 1497 1207 1562 1272; x_wconf 88' lang='lat'>368</span> 
     </span>
     <span class='ocr_line' id='line_1_6' title="bbox 457 1317 1564 1411; baseline -0.005 -20"><span class='ocrx_word' id='word_1_49' title='bbox 457 1344 476 1390; x_wconf 85' lang='lat'>«</span> <span class='ocrx_word' id='word_1_50' title='bbox 498 1327 616 1402; x_wconf 83' lang='lat' dir='ltr'>Tereo,</span> <span class='ocrx_word' id='word_1_51' title='bbox 639 1337 842 1411; x_wconf 86' lang='lat' dir='ltr'>quacumque</span> <span class='ocrx_word' id='word_1_52' title='bbox 860 1317 945 1388; x_wconf 88' lang='lat' dir='ltr'>viam</span> <span class='ocrx_word' id='word_1_53' title='bbox 966 1325 1063 1401; x_wconf 89' lang='lat' dir='ltr'>secat,</span> <span class='ocrx_word' id='word_1_54' title='bbox 1086 1318 1215 1410; x_wconf 85' lang='lat' dir='ltr'>agmina</span> <span class='ocrx_word' id='word_1_55' title='bbox 1232 1321 1356 1388; x_wconf 83' lang='lat' dir='ltr'>cedunt.</span> <span class='ocrx_word' id='word_1_56' title='bbox 1379 1320 1564 1389; x_wconf 76' lang='lat' dir='ltr'>»coemere</span> 
     </span>
     <span class='ocr_line' id='line_1_7' title="bbox 456 1433 1562 1518; baseline -0.008 -9"><span class='ocrx_word' id='word_1_57' title='bbox 456 1437 570 1509; x_wconf 90' lang='lat' dir='ltr'>eodem</span> <span class='ocrx_word' id='word_1_58' title='bbox 583 1454 683 1506; x_wconf 90' lang='lat' dir='ltr'>sensu</span> <span class='ocrx_word' id='word_1_59' title='bbox 693 1439 729 1504; x_wconf 83' lang='grc' dir='ltr'>Ε.</span> <span class='ocrx_word' id='word_1_60' title='bbox 746 1437 829 1518; x_wconf 90' lang='lat' dir='ltr'>VIII,</span> <span class='ocrx_word' id='word_1_61' title='bbox 846 1439 918 1503; x_wconf 80' lang='lat'>88«</span> <span class='ocrx_word' id='word_1_62' title='bbox 931 1437 994 1506; x_wconf 90' lang='lat' dir='ltr'>Nec</span> <span class='ocrx_word' id='word_1_63' title='bbox 1006 1454 1097 1505; x_wconf 87' lang='lat' dir='ltr'>serae</span> <span class='ocrx_word' id='word_1_64' title='bbox 1111 1433 1258 1504; x_wconf 87' lang='lat' dir='ltr'>meminit</span> <span class='ocrx_word' id='word_1_65' title='bbox 1273 1433 1427 1506; x_wconf 79' lang='lat' dir='ltr'>desedere</span> <span class='ocrx_word' id='word_1_66' title='bbox 1440 1435 1562 1504; x_wconf 81' lang='lat' dir='ltr'>recti.»</span> 
     </span>
     <span class='ocr_line' id='line_1_8' title="bbox 457 1547 1565 1638; baseline -0.004 -16"><span class='ocrx_word' id='word_1_67' title='bbox 457 1555 494 1622; x_wconf 89' lang='lat' dir='ltr'>G.</span> <span class='ocrx_word' id='word_1_68' title='bbox 516 1555 574 1634; x_wconf 94' lang='lat' dir='ltr'>Ill,</span> <span class='ocrx_word' id='word_1_69' title='bbox 608 1554 671 1621; x_wconf 81' lang='grc'>767</span> <span class='ocrx_word' id='word_1_70' title='bbox 702 1548 747 1620; x_wconf 90' lang='lat' dir='ltr'>id.</span> <span class='ocrx_word' id='word_1_71' title='bbox 781 1552 819 1619; x_wconf 85' lang='lat' dir='ltr'>G.</span> <span class='ocrx_word' id='word_1_72' title='bbox 852 1553 905 1633; x_wconf 93' lang='lat' dir='ltr'>IV,</span> <span class='ocrx_word' id='word_1_73' title='bbox 927 1553 1013 1620; x_wconf 76' lang='lat'>23«</span> <span class='ocrx_word' id='word_1_74' title='bbox 1044 1549 1154 1620; x_wconf 80' lang='lat' dir='ltr'>Violna</span> <span class='ocrx_word' id='word_1_75' title='bbox 1178 1547 1291 1620; x_wconf 87' lang='lat' dir='ltr'>invitat</span> <span class='ocrx_word' id='word_1_76' title='bbox 1323 1550 1462 1618; x_wconf 82' lang='lat' dir='ltr'>decedere</span> <span class='ocrx_word' id='word_1_77' title='bbox 1491 1547 1565 1638; x_wconf 90' lang='lat' dir='ltr'>ripa</span> 
     </span>
     <span class='ocr_line' id='line_1_9' title="bbox 456 1661 1564 1748; baseline -0.008 -8"><span class='ocrx_word' id='word_1_78' title='bbox 456 1669 567 1740; x_wconf 85' lang='lat' dir='ltr'>calori.</span> <span class='ocrx_word' id='word_1_79' title='bbox 585 1690 603 1734; x_wconf 90' lang='lat'>»</span> <span class='ocrx_word' id='word_1_80' title='bbox 623 1668 659 1735; x_wconf 87' lang='lat' dir='ltr'>A.</span> <span class='ocrx_word' id='word_1_81' title='bbox 684 1668 738 1747; x_wconf 92' lang='lat' dir='ltr'>VI,</span> <span class='ocrx_word' id='word_1_82' title='bbox 752 1669 794 1734; x_wconf 87' lang='grc'>95</span> <span class='ocrx_word' id='word_1_83' title='bbox 808 1687 827 1732; x_wconf 90' lang='lat'>«</span> <span class='ocrx_word' id='word_1_84' title='bbox 842 1668 890 1734; x_wconf 87' lang='lat' dir='ltr'>Tu</span> <span class='ocrx_word' id='word_1_85' title='bbox 908 1683 948 1734; x_wconf 91' lang='lat' dir='ltr'>ne</span> <span class='ocrx_word' id='word_1_86' title='bbox 962 1665 1029 1734; x_wconf 86' lang='lat' dir='ltr'>cede</span> <span class='ocrx_word' id='word_1_87' title='bbox 1053 1665 1193 1734; x_wconf 78' lang='lat' dir='ltr'>molis.»</span> <span class='ocrx_word' id='word_1_88' title='bbox 1219 1703 1260 1714; x_wconf 91' lang='lat'>-</span> <span class='ocrx_word' id='word_1_89' title='bbox 1276 1669 1340 1748; x_wconf 64' lang='lat' dir='ltr'>et«</span> <span class='ocrx_word' id='word_1_90' title='bbox 1357 1661 1397 1732; x_wconf 91' lang='lat' dir='ltr'>ad</span> <span class='ocrx_word' id='word_1_91' title='bbox 1413 1661 1564 1733; x_wconf 85' lang='lat' dir='ltr'>volunta-</span> 
     </span>
     <span class='ocr_line' id='line_1_10' title="bbox 457 1777 1560 1863; baseline -0.005 -7"><span class='ocrx_word' id='word_1_92' title='bbox 457 1793 522 1856; x_wconf 85' lang='lat' dir='ltr'>tem</span> <span class='ocrx_word' id='word_1_93' title='bbox 534 1781 668 1854; x_wconf 87' lang='lat' dir='ltr'>alicuius</span> <span class='ocrx_word' id='word_1_94' title='bbox 684 1801 718 1852; x_wconf 92' lang='lat' dir='ltr'>se</span> <span class='ocrx_word' id='word_1_95' title='bbox 730 1780 1007 1858; x_wconf 82' lang='lat' dir='ltr'>accommodare.»</span> <span class='ocrx_word' id='word_1_96' title='bbox 1019 1785 1055 1850; x_wconf 84' lang='grc' dir='ltr'>Ε.</span> <span class='ocrx_word' id='word_1_97' title='bbox 1069 1784 1108 1863; x_wconf 86' lang='lat' dir='ltr'>X,</span> <span class='ocrx_word' id='word_1_98' title='bbox 1124 1783 1165 1849; x_wconf 84' lang='lat'>69</span> <span class='ocrx_word' id='word_1_99' title='bbox 1180 1802 1198 1847; x_wconf 73' lang='lat' dir='ltr'>r&lt;</span> <span class='ocrx_word' id='word_1_100' title='bbox 1214 1778 1329 1849; x_wconf 86' lang='lat' dir='ltr'>Omnia</span> <span class='ocrx_word' id='word_1_101' title='bbox 1341 1777 1438 1850; x_wconf 85' lang='lat' dir='ltr'>viucit</span> <span class='ocrx_word' id='word_1_102' title='bbox 1449 1781 1560 1860; x_wconf 91' lang='lat' dir='ltr'>Amor,</span> 
     </span>
     <span class='ocr_line' id='line_1_11' title="bbox 458 1896 1562 1990; baseline -0.01 -19"><span class='ocrx_word' id='word_1_103' title='bbox 458 1910 566 1986; x_wconf 88' lang='lat' dir='ltr'>etnos</span> <span class='ocrx_word' id='word_1_104' title='bbox 584 1902 730 1970; x_wconf 83' lang='lat' dir='ltr'>cedentes</span> <span class='ocrx_word' id='word_1_105' title='bbox 746 1897 870 1990; x_wconf 84' lang='lat' dir='ltr'>Actori.</span> <span class='ocrx_word' id='word_1_106' title='bbox 898 1921 916 1965; x_wconf 87' lang='lat' dir='ltr'>t&gt;</span> <span class='ocrx_word' id='word_1_107' title='bbox 940 1900 976 1968; x_wconf 91' lang='lat' dir='ltr'>A.</span> <span class='ocrx_word' id='word_1_108' title='bbox 1001 1900 1059 1980; x_wconf 92' lang='grc' dir='ltr'>ΙΙΙ,</span> <span class='ocrx_word' id='word_1_109' title='bbox 1081 1902 1143 1966; x_wconf 93' lang='grc'>788</span> <span class='ocrx_word' id='word_1_110' title='bbox 1168 1918 1186 1963; x_wconf 81' lang='lat' dir='ltr'>e</span> <span class='ocrx_word' id='word_1_111' title='bbox 1207 1897 1361 1966; x_wconf 77' lang='lat' dir='ltr'>dedemus</span> <span class='ocrx_word' id='word_1_112' title='bbox 1383 1896 1514 1964; x_wconf 83' lang='lat' dir='ltr'>Phoebo.</span> <span class='ocrx_word' id='word_1_113' title='bbox 1544 1916 1562 1961; x_wconf 82' lang='lat' dir='ltr'>t&gt;</span> 
     </span>
     <span class='ocr_line' id='line_1_12' title="bbox 457 2009 1561 2104; baseline -0.007 -16"><span class='ocrx_word' id='word_1_114' title='bbox 457 2020 493 2088; x_wconf 91' lang='lat' dir='ltr'>A.</span> <span class='ocrx_word' id='word_1_115' title='bbox 512 2019 549 2099; x_wconf 96' lang='grc' dir='ltr'>Ι,</span> <span class='ocrx_word' id='word_1_116' title='bbox 570 2017 634 2085; x_wconf 82' lang='grc'>767</span> <span class='ocrx_word' id='word_1_117' title='bbox 658 2037 677 2082; x_wconf 79' lang='lat' dir='ltr'>c</span> <span class='ocrx_word' id='word_1_118' title='bbox 700 2015 851 2084; x_wconf 77' lang='lat' dir='ltr'>dedecet.</span> <span class='ocrx_word' id='word_1_119' title='bbox 874 2035 947 2081; x_wconf 78' lang='lat' dir='ltr'>e-</span> <span class='ocrx_word' id='word_1_120' title='bbox 959 2013 1006 2104; x_wconf 69' lang='lat' dir='ltr'>j)</span> <span class='ocrx_word' id='word_1_121' title='bbox 1023 2035 1041 2080; x_wconf 95' lang='lat'>«</span> <span class='ocrx_word' id='word_1_122' title='bbox 1062 2011 1246 2083; x_wconf 77' lang='lat' dir='ltr'>inferiorem</span> <span class='ocrx_word' id='word_1_123' title='bbox 1260 2029 1343 2094; x_wconf 90' lang='lat' dir='ltr'>esse,</span> <span class='ocrx_word' id='word_1_124' title='bbox 1361 2009 1561 2102; x_wconf 84' lang='lat' dir='ltr'>posthaberi,</span> 
     </span>
     <span class='ocr_line' id='line_1_13' title="bbox 458 2126 1562 2223; baseline -0.006 -20"><span class='ocrx_word' id='word_1_125' title='bbox 458 2130 603 2223; x_wconf 91' lang='lat' dir='ltr'>superari</span> <span class='ocrx_word' id='word_1_126' title='bbox 620 2134 656 2199; x_wconf 88' lang='lat' dir='ltr'>E.</span> <span class='ocrx_word' id='word_1_127' title='bbox 677 2133 713 2213; x_wconf 93' lang='grc' dir='ltr'>Ι,</span> <span class='ocrx_word' id='word_1_128' title='bbox 733 2133 922 2199; x_wconf 78' lang='lat' dir='ltr'>tollente</span> <span class='ocrx_word' id='word_1_129' title='bbox 939 2126 1021 2199; x_wconf 81' lang='lat' dir='ltr'>salix</span> <span class='ocrx_word' id='word_1_130' title='bbox 1039 2136 1196 2219; x_wconf 90' lang='lat' dir='ltr'>quantum</span> <span class='ocrx_word' id='word_1_131' title='bbox 1209 2126 1341 2218; x_wconf 87' lang='lat' dir='ltr'>pallenti</span> <span class='ocrx_word' id='word_1_132' title='bbox 1358 2128 1436 2197; x_wconf 87' lang='lat' dir='ltr'>cedit</span> <span class='ocrx_word' id='word_1_133' title='bbox 1450 2128 1562 2208; x_wconf 89' lang='lat' dir='ltr'>eticoe,</span> 
     </span>
     <span class='ocr_line' id='line_1_14' title="bbox 458 2240 1565 2336; baseline -0.008 -18"><span class='ocrx_word' id='word_1_134' title='bbox 458 2256 583 2318; x_wconf 89' lang='lat' dir='ltr'>tantum</span> <span class='ocrx_word' id='word_1_135' title='bbox 602 2248 659 2316; x_wconf 86' lang='lat' dir='ltr'>tihi</span> <span class='ocrx_word' id='word_1_136' title='bbox 676 2247 757 2315; x_wconf 87' lang='lat' dir='ltr'>cedet</span> <span class='ocrx_word' id='word_1_137' title='bbox 783 2248 947 2336; x_wconf 81' lang='lat' dir='ltr'>Amyntas.</span> <span class='ocrx_word' id='word_1_138' title='bbox 966 2267 984 2312; x_wconf 88' lang='lat'>»</span> <span class='ocrx_word' id='word_1_139' title='bbox 1003 2248 1039 2313; x_wconf 82' lang='lat' dir='ltr'>ll.</span> <span class='ocrx_word' id='word_1_140' title='bbox 1060 2247 1127 2326; x_wconf 94' lang='grc' dir='ltr'>ΙΙΙ,</span> <span class='ocrx_word' id='word_1_141' title='bbox 1149 2249 1190 2313; x_wconf 90' lang='grc'>68</span> <span class='ocrx_word' id='word_1_142' title='bbox 1210 2265 1228 2309; x_wconf 90' lang='lat'>«</span> <span class='ocrx_word' id='word_1_143' title='bbox 1249 2241 1404 2313; x_wconf 83' lang='lat' dir='ltr'>Fraxinus</span> <span class='ocrx_word' id='word_1_144' title='bbox 1419 2241 1453 2310; x_wconf 91' lang='lat' dir='ltr'>in</span> <span class='ocrx_word' id='word_1_145' title='bbox 1473 2240 1565 2312; x_wconf 87' lang='lat' dir='ltr'>silvis</span> 
     </span>
     <span class='ocr_line' id='line_1_15' title="bbox 458 2357 1564 2448; baseline -0.007 -13"><span class='ocrx_word' id='word_1_146' title='bbox 458 2365 545 2435; x_wconf 85' lang='lat' dir='ltr'>cedet</span> <span class='ocrx_word' id='word_1_147' title='bbox 557 2364 629 2432; x_wconf 86' lang='lat' dir='ltr'>sihi.</span> <span class='ocrx_word' id='word_1_148' title='bbox 647 2384 665 2430; x_wconf 83' lang='lat' dir='ltr'>u</span> <span class='ocrx_word' id='word_1_149' title='bbox 681 2364 717 2430; x_wconf 90' lang='lat' dir='ltr'>A.</span> <span class='ocrx_word' id='word_1_150' title='bbox 734 2365 791 2444; x_wconf 90' lang='grc' dir='ltr'>ΙΙΙ,</span> <span class='ocrx_word' id='word_1_151' title='bbox 809 2364 873 2431; x_wconf 82' lang='grc'>787</span> <span class='ocrx_word' id='word_1_152' title='bbox 888 2382 906 2428; x_wconf 92' lang='lat'>«</span> <span class='ocrx_word' id='word_1_153' title='bbox 922 2358 1142 2430; x_wconf 79' lang='lat' dir='ltr'>Andromache</span> <span class='ocrx_word' id='word_1_154' title='bbox 1157 2358 1217 2429; x_wconf 89' lang='lat' dir='ltr'>fert</span> <span class='ocrx_word' id='word_1_155' title='bbox 1232 2367 1339 2429; x_wconf 83' lang='lat' dir='ltr'>restes</span> <span class='ocrx_word' id='word_1_156' title='bbox 1354 2398 1395 2408; x_wconf 94' lang='lat'>—</span> <span class='ocrx_word' id='word_1_157' title='bbox 1411 2362 1449 2428; x_wconf 87' lang='lat' dir='ltr'>Et</span> <span class='ocrx_word' id='word_1_158' title='bbox 1462 2357 1564 2448; x_wconf 89' lang='lat' dir='ltr'>Phry-</span> 
     </span>
     <span class='ocr_line' id='line_1_16' title="bbox 458 2475 1566 2574; baseline -0.005 -23"><span class='ocrx_word' id='word_1_159' title='bbox 458 2481 544 2574; x_wconf 85' lang='lat' dir='ltr'>giam</span> <span class='ocrx_word' id='word_1_160' title='bbox 558 2479 692 2551; x_wconf 86' lang='lat' dir='ltr'>Ascanio</span> <span class='ocrx_word' id='word_1_161' title='bbox 711 2478 916 2570; x_wconf 78' lang='lat' dir='ltr'>chlamydem</span> <span class='ocrx_word' id='word_1_162' title='bbox 935 2497 994 2548; x_wconf 92' lang='lat' dir='ltr'>nee</span> <span class='ocrx_word' id='word_1_163' title='bbox 1012 2480 1090 2547; x_wconf 89' lang='lat' dir='ltr'>cedit</span> <span class='ocrx_word' id='word_1_164' title='bbox 1108 2479 1229 2546; x_wconf 70' lang='lat' dir='ltr'>moeri.</span> <span class='ocrx_word' id='word_1_165' title='bbox 1248 2499 1266 2544; x_wconf 83' lang='lat' dir='ltr'>t&gt;</span> <span class='ocrx_word' id='word_1_166' title='bbox 1280 2477 1450 2548; x_wconf 86' lang='lat' dir='ltr'>Benoistus</span> <span class='ocrx_word' id='word_1_167' title='bbox 1464 2475 1566 2547; x_wconf 92' lang='lat' dir='ltr'>edidit</span> 
     </span>
     <span class='ocr_line' id='line_1_17' title="bbox 459 2575 1561 2684; baseline -0.005 -18"><span class='ocrx_word' id='word_1_168' title='bbox 459 2575 571 2666; x_wconf 80' lang='lat' dir='ltr'>honore</span> <span class='ocrx_word' id='word_1_169' title='bbox 587 2614 661 2665; x_wconf 90' lang='lat' dir='ltr'>cum</span> <span class='ocrx_word' id='word_1_170' title='bbox 674 2602 771 2666; x_wconf 91' lang='lat' dir='ltr'>nota:</span> <span class='ocrx_word' id='word_1_171' title='bbox 790 2617 807 2662; x_wconf 89' lang='lat'>«</span> <span class='ocrx_word' id='word_1_172' title='bbox 821 2592 934 2665; x_wconf 88' lang='lat' dir='ltr'>ablatii</span> <span class='ocrx_word' id='word_1_173' title='bbox 945 2592 985 2664; x_wconf 88' lang='lat' dir='ltr'>de</span> <span class='ocrx_word' id='word_1_174' title='bbox 997 2592 1151 2663; x_wconf 81' lang='lat' dir='ltr'>maniere.</span> <span class='ocrx_word' id='word_1_175' title='bbox 1169 2614 1187 2659; x_wconf 82' lang='lat' dir='ltr'>t)</span> <span class='ocrx_word' id='word_1_176' title='bbox 1200 2590 1392 2684; x_wconf 85' lang='lat' dir='ltr'>Forhigerus</span> <span class='ocrx_word' id='word_1_177' title='bbox 1407 2591 1561 2663; x_wconf 88' lang='lat' dir='ltr'>adnotat:</span> 
     </span>
     <span class='ocr_line' id='line_1_18' title="bbox 460 2707 1563 2802; baseline -0.003 -22"><span class='ocrx_word' id='word_1_178' title='bbox 460 2735 478 2780; x_wconf 82' lang='lat' dir='ltr'>t&lt;</span> <span class='ocrx_word' id='word_1_179' title='bbox 499 2709 603 2781; x_wconf 87' lang='lat' dir='ltr'>Verba</span> <span class='ocrx_word' id='word_1_180' title='bbox 616 2729 698 2801; x_wconf 85' lang='lat' dir='ltr'>quae</span> <span class='ocrx_word' id='word_1_181' title='bbox 717 2709 812 2802; x_wconf 82' lang='lat' dir='ltr'>vulgo</span> <span class='ocrx_word' id='word_1_182' title='bbox 831 2710 972 2781; x_wconf 89' lang='lat' dir='ltr'>eduntur</span> <span class='ocrx_word' id='word_1_183' title='bbox 988 2730 1043 2778; x_wconf 86' lang='lat' dir='ltr'>ccc</span> <span class='ocrx_word' id='word_1_184' title='bbox 1061 2710 1138 2779; x_wconf 84' lang='lat' dir='ltr'>cedit</span> <span class='ocrx_word' id='word_1_185' title='bbox 1155 2709 1265 2778; x_wconf 86' lang='lat' dir='ltr'>honori</span> <span class='ocrx_word' id='word_1_186' title='bbox 1283 2707 1458 2780; x_wconf 86' lang='lat' dir='ltr'>admodum</span> <span class='ocrx_word' id='word_1_187' title='bbox 1476 2707 1563 2780; x_wconf 86' lang='lat' dir='ltr'>dilli-</span> 
     </span>
    </p>
   </div>
   <div class='ocr_carea' id='block_1_3' title="bbox 459 2821 1565 3151">
    <p class='ocr_par' dir='ltr' id='par_1_3' title="bbox 459 2821 1565 3151">
     <span class='ocr_line' id='line_1_19' title="bbox 460 2821 1563 2924; baseline -0.005 -26"><span class='ocrx_word' id='word_1_188' title='bbox 460 2826 533 2898; x_wconf 90' lang='lat' dir='ltr'>cilia</span> <span class='ocrx_word' id='word_1_189' title='bbox 547 2834 623 2898; x_wconf 90' lang='lat' dir='ltr'>suut</span> <span class='ocrx_word' id='word_1_190' title='bbox 636 2825 810 2897; x_wconf 89' lang='lat' dir='ltr'>intellectu.</span> <span class='ocrx_word' id='word_1_191' title='bbox 826 2824 970 2917; x_wconf 84' lang='lat' dir='ltr'>Ileanus</span> <span class='ocrx_word' id='word_1_192' title='bbox 987 2831 1094 2924; x_wconf 91' lang='lat' dir='ltr'>tamen</span> <span class='ocrx_word' id='word_1_193' title='bbox 1111 2821 1273 2914; x_wconf 88' lang='lat' dir='ltr'>duplicem</span> <span class='ocrx_word' id='word_1_194' title='bbox 1291 2842 1404 2894; x_wconf 92' lang='lat' dir='ltr'>eorum</span> <span class='ocrx_word' id='word_1_195' title='bbox 1423 2822 1563 2914; x_wconf 80' lang='lat' dir='ltr'>explica-</span> 
     </span>
     <span class='ocr_line' id='line_1_20' title="bbox 459 2941 1565 3033; baseline -0.004 -18"><span class='ocrx_word' id='word_1_196' title='bbox 459 2944 580 3016; x_wconf 91' lang='lat' dir='ltr'>tionem</span> <span class='ocrx_word' id='word_1_197' title='bbox 597 2943 729 3033; x_wconf 87' lang='lat' dir='ltr'>prolert,</span> <span class='ocrx_word' id='word_1_198' title='bbox 745 2951 781 3013; x_wconf 91' lang='lat' dir='ltr'>ut</span> <span class='ocrx_word' id='word_1_199' title='bbox 797 2950 853 3012; x_wconf 90' lang='lat' dir='ltr'>aut</span> <span class='ocrx_word' id='word_1_200' title='bbox 869 2962 943 3012; x_wconf 91' lang='lat' dir='ltr'>cum</span> <span class='ocrx_word' id='word_1_201' title='bbox 961 2941 1071 3012; x_wconf 88' lang='lat' dir='ltr'>Servio</span> <span class='ocrx_word' id='word_1_202' title='bbox 1088 2941 1336 3033; x_wconf 90' lang='lat' dir='ltr'>interpretemur</span> <span class='ocrx_word' id='word_1_203' title='bbox 1355 2964 1373 3009; x_wconf 89' lang='lat'>«</span> <span class='ocrx_word' id='word_1_204' title='bbox 1392 2950 1481 3012; x_wconf 88' lang='lat' dir='ltr'>tanta</span> <span class='ocrx_word' id='word_1_205' title='bbox 1509 2941 1565 3011; x_wconf 89' lang='lat' dir='ltr'>dat</span> 
     </span>
     <span class='ocr_line' id='line_1_21' title="bbox 460 3056 1564 3151; baseline -0.005 -21"><span class='ocrx_word' id='word_1_206' title='bbox 460 3079 596 3130; x_wconf 91' lang='lat' dir='ltr'>munera</span> <span class='ocrx_word' id='word_1_207' title='bbox 608 3066 729 3151; x_wconf 89' lang='lat' dir='ltr'>quanta</span> <span class='ocrx_word' id='word_1_208' title='bbox 744 3056 929 3128; x_wconf 89' lang='lat' dir='ltr'>merebatur</span> <span class='ocrx_word' id='word_1_209' title='bbox 944 3056 1097 3128; x_wconf 92' lang='lat' dir='ltr'>Ascanius</span> <span class='ocrx_word' id='word_1_210' title='bbox 1114 3080 1122 3141; x_wconf 95' lang='grc'><strong>;</strong></span> <span class='ocrx_word' id='word_1_211' title='bbox 1142 3056 1202 3128; x_wconf 91' lang='lat' dir='ltr'>hot</span> <span class='ocrx_word' id='word_1_212' title='bbox 1219 3057 1304 3127; x_wconf 81' lang='lat' dir='ltr'>enlm</span> <span class='ocrx_word' id='word_1_213' title='bbox 1318 3064 1367 3128; x_wconf 89' lang='lat' dir='ltr'>est</span> <span class='ocrx_word' id='word_1_214' title='bbox 1377 3059 1488 3128; x_wconf 84' lang='lat' dir='ltr'>hereri</span> <span class='ocrx_word' id='word_1_215' title='bbox 1499 3079 1564 3126; x_wconf 84' lang='lat' dir='ltr'>eon</span> 
     </span>
    </p>
   </div>
   <div class='ocr_carea' id='block_1_4' title="bbox 460 3172 1563 4050">
    <p class='ocr_par' dir='ltr' id='par_1_4' title="bbox 460 3172 1561 3842">
     <span class='ocr_line' id='line_1_22' title="bbox 460 3172 1560 3265; baseline -0.004 -20"><span class='ocrx_word' id='word_1_216' title='bbox 460 3176 572 3258; x_wconf 76' lang='lat' dir='ltr'>cedor,</span> <span class='ocrx_word' id='word_1_217' title='bbox 587 3194 698 3265; x_wconf 90' lang='lat' dir='ltr'>parem</span> <span class='ocrx_word' id='word_1_218' title='bbox 712 3193 783 3244; x_wconf 90' lang='lat' dir='ltr'>esse</span> <span class='ocrx_word' id='word_1_219' title='bbox 797 3172 920 3244; x_wconf 89' lang='lat' dir='ltr'>meritis</span> <span class='ocrx_word' id='word_1_220' title='bbox 933 3172 1133 3264; x_wconf 90' lang='lat' dir='ltr'>accipientis;</span> <span class='ocrx_word' id='word_1_221' title='bbox 1149 3212 1189 3224; x_wconf 95' lang='lat'>-</span> <span class='ocrx_word' id='word_1_222' title='bbox 1203 3180 1259 3242; x_wconf 89' lang='lat' dir='ltr'>aut</span> <span class='ocrx_word' id='word_1_223' title='bbox 1271 3193 1334 3241; x_wconf 86' lang='lat' dir='ltr'>ecre</span> <span class='ocrx_word' id='word_1_224' title='bbox 1347 3175 1425 3242; x_wconf 82' lang='lat' dir='ltr'>cedit</span> <span class='ocrx_word' id='word_1_225' title='bbox 1437 3175 1560 3255; x_wconf 88' lang='lat' dir='ltr'>hoeeri,</span> 
     </span>
     <span class='ocr_line' id='line_1_23' title="bbox 461 3290 1561 3382; baseline 0.001 -20"><span class='ocrx_word' id='word_1_226' title='bbox 461 3311 520 3362; x_wconf 90' lang='lat' dir='ltr'>seu</span> <span class='ocrx_word' id='word_1_227' title='bbox 538 3311 710 3362; x_wconf 91' lang='lat' dir='ltr'>munerum</span> <span class='ocrx_word' id='word_1_228' title='bbox 738 3290 993 3362; x_wconf 85' lang='lat' dir='ltr'>seuverhorum</span> <span class='ocrx_word' id='word_1_229' title='bbox 1011 3311 1075 3382; x_wconf 89' lang='lat' dir='ltr'>quo</span> <span class='ocrx_word' id='word_1_230' title='bbox 1095 3311 1174 3362; x_wconf 91' lang='lat' dir='ltr'>usus</span> <span class='ocrx_word' id='word_1_231' title='bbox 1193 3299 1261 3362; x_wconf 90' lang='lat' dir='ltr'>erat</span> <span class='ocrx_word' id='word_1_232' title='bbox 1279 3292 1433 3374; x_wconf 70' lang='lat' dir='ltr'>Helenus</span> <span class='ocrx_word' id='word_1_233' title='bbox 1455 3299 1515 3363; x_wconf 90' lang='lat' dir='ltr'>etc.</span> <span class='ocrx_word' id='word_1_234' title='bbox 1543 3315 1561 3358; x_wconf 82' lang='lat' dir='ltr'>t</span> 
     </span>
     <span class='ocr_line' id='line_1_24' title="bbox 461 3404 1559 3497; baseline 0 -22"><span class='ocrx_word' id='word_1_235' title='bbox 461 3405 641 3477; x_wconf 89' lang='lat' dir='ltr'>Lectionem</span> <span class='ocrx_word' id='word_1_236' title='bbox 658 3409 772 3484; x_wconf 70' lang='lat' dir='ltr'>meere</span> <span class='ocrx_word' id='word_1_237' title='bbox 788 3404 931 3476; x_wconf 86' lang='lat' dir='ltr'>Rihhech</span> <span class='ocrx_word' id='word_1_238' title='bbox 955 3405 1074 3497; x_wconf 88' lang='lat' dir='ltr'>recepit</span> <span class='ocrx_word' id='word_1_239' title='bbox 1101 3426 1140 3477; x_wconf 84' lang='lat' dir='ltr'>ex</span> <span class='ocrx_word' id='word_1_240' title='bbox 1162 3405 1275 3489; x_wconf 82' lang='lat' dir='ltr'>Palat,</span> <span class='ocrx_word' id='word_1_241' title='bbox 1306 3407 1388 3476; x_wconf 82' lang='lat' dir='ltr'>(Iud.</span> <span class='ocrx_word' id='word_1_242' title='bbox 1409 3415 1441 3478; x_wconf 90' lang='lat' dir='ltr'>et</span> <span class='ocrx_word' id='word_1_243' title='bbox 1463 3411 1559 3478; x_wconf 88' lang='lat' dir='ltr'>Bern.</span> 
     </span>
     <span class='ocr_line' id='line_1_25' title="bbox 461 3519 1561 3610; baseline 0.003 -21"><span class='ocrx_word' id='word_1_244' title='bbox 461 3519 608 3590; x_wconf 83' lang='lat' dir='ltr'>Dativum</span> <span class='ocrx_word' id='word_1_245' title='bbox 622 3539 681 3610; x_wconf 83' lang='lat' dir='ltr'>ego</span> <span class='ocrx_word' id='word_1_246' title='bbox 708 3527 740 3590; x_wconf 91' lang='lat' dir='ltr'>et</span> <span class='ocrx_word' id='word_1_247' title='bbox 755 3519 929 3590; x_wconf 83' lang='lat' dir='ltr'>ablativum</span> <span class='ocrx_word' id='word_1_248' title='bbox 947 3519 1097 3591; x_wconf 88' lang='lat' dir='ltr'>eumdem</span> <span class='ocrx_word' id='word_1_249' title='bbox 1111 3541 1244 3591; x_wconf 90' lang='lat' dir='ltr'>sensum</span> <span class='ocrx_word' id='word_1_250' title='bbox 1268 3520 1387 3592; x_wconf 88' lang='lat' dir='ltr'>habere</span> <span class='ocrx_word' id='word_1_251' title='bbox 1413 3541 1561 3592; x_wconf 87' lang='lat' dir='ltr'>censeam</span> 
     </span>
     <span class='ocr_line' id='line_1_26' title="bbox 474 3635 1561 3726; baseline 0.006 -23"><span class='ocrx_word' id='word_1_252' title='bbox 474 3660 506 3685; x_wconf 95' lang='lat'>=</span> <span class='ocrx_word' id='word_1_253' title='bbox 518 3641 566 3704; x_wconf 88' lang='lat' dir='ltr'>tot</span> <span class='ocrx_word' id='word_1_254' title='bbox 579 3642 611 3704; x_wconf 90' lang='lat' dir='ltr'>et</span> <span class='ocrx_word' id='word_1_255' title='bbox 622 3642 711 3705; x_wconf 89' lang='lat' dir='ltr'>tanta</span> <span class='ocrx_word' id='word_1_256' title='bbox 724 3655 859 3706; x_wconf 89' lang='lat' dir='ltr'>munera</span> <span class='ocrx_word' id='word_1_257' title='bbox 872 3635 926 3706; x_wconf 90' lang='lat' dir='ltr'>dat</span> <span class='ocrx_word' id='word_1_258' title='bbox 943 3635 1164 3706; x_wconf 82' lang='lat' dir='ltr'>Andromache</span> <span class='ocrx_word' id='word_1_259' title='bbox 1178 3644 1298 3726; x_wconf 88' lang='lat' dir='ltr'>quanta</span> <span class='ocrx_word' id='word_1_260' title='bbox 1311 3645 1452 3708; x_wconf 91' lang='lat' dir='ltr'>meretur</span> <span class='ocrx_word' id='word_1_261' title='bbox 1465 3641 1561 3709; x_wconf 91' lang='lat' dir='ltr'>Asca-</span> 
     </span>
     <span class='ocr_line' id='line_1_27' title="bbox 463 3749 1031 3842; baseline -0.002 -22"><span class='ocrx_word' id='word_1_262' title='bbox 463 3749 548 3833; x_wconf 89' lang='lat' dir='ltr'>nius,</span> <span class='ocrx_word' id='word_1_263' title='bbox 569 3750 618 3819; x_wconf 83' lang='lat' dir='ltr'>vel</span> <span class='ocrx_word' id='word_1_264' title='bbox 638 3759 757 3842; x_wconf 88' lang='lat' dir='ltr'>quanta</span> <span class='ocrx_word' id='word_1_265' title='bbox 774 3749 861 3820; x_wconf 91' lang='lat' dir='ltr'>dedit</span> <span class='ocrx_word' id='word_1_266' title='bbox 878 3751 1031 3821; x_wconf 82' lang='lat' dir='ltr'>Helenus</span> 
     </span>
    </p>

    <p class='ocr_par' dir='ltr' id='par_1_5' title="bbox 463 3865 1563 4050">
     <span class='ocr_line' id='line_1_28' title="bbox 505 3865 1563 3958; baseline 0.005 -24"><span class='ocrx_word' id='word_1_267' title='bbox 505 3865 678 3935; x_wconf 86' lang='lat' dir='ltr'>Resistere:</span> <span class='ocrx_word' id='word_1_268' title='bbox 699 3868 736 3935; x_wconf 86' lang='lat' dir='ltr'>G.</span> <span class='ocrx_word' id='word_1_269' title='bbox 766 3869 822 3949; x_wconf 93' lang='lat' dir='ltr'>III,</span> <span class='ocrx_word' id='word_1_270' title='bbox 858 3872 921 3938; x_wconf 87' lang='grc'>562</span> <span class='ocrx_word' id='word_1_271' title='bbox 947 3889 964 3934; x_wconf 89' lang='lat'>«</span> <span class='ocrx_word' id='word_1_272' title='bbox 997 3866 1091 3958; x_wconf 91' lang='lat' dir='ltr'>pellis</span> <span class='ocrx_word' id='word_1_273' title='bbox 1105 3865 1145 3938; x_wconf 88' lang='lat' dir='ltr'>ad</span> <span class='ocrx_word' id='word_1_274' title='bbox 1163 3875 1282 3938; x_wconf 92' lang='lat' dir='ltr'>tactum</span> <span class='ocrx_word' id='word_1_275' title='bbox 1299 3870 1454 3940; x_wconf 83' lang='lat' dir='ltr'>tractanti</span> <span class='ocrx_word' id='word_1_276' title='bbox 1481 3869 1563 3939; x_wconf 90' lang='lat' dir='ltr'>dura</span> 
     </span>
     <span class='ocr_line' id='line_1_29' title="bbox 463 3983 629 4050; baseline -0.006 0"><span class='ocrx_word' id='word_1_277' title='bbox 463 3983 589 4050; x_wconf 78' lang='lat' dir='ltr'>resistit.</span> <span class='ocrx_word' id='word_1_278' title='bbox 611 4004 629 4049; x_wconf 82' lang='lat' dir='ltr'>&gt;t</span> 
     </span>
    </p>
   </div>
   <div class='ocr_carea' id='block_1_5' title="bbox 506 4099 1560 4188">
    <p class='ocr_par' dir='ltr' id='par_1_6' title="bbox 506 4099 1560 4188">
     <span class='ocr_line' id='line_1_30' title="bbox 506 4099 1560 4188; baseline 0 -21"><span class='ocrx_word' id='word_1_279' title='bbox 506 4101 637 4167; x_wconf 70' lang='lat' dir='ltr'>haume:</span> <span class='ocrx_word' id='word_1_280' title='bbox 661 4102 696 4168; x_wconf 82' lang='lat' dir='ltr'>ll.</span> <span class='ocrx_word' id='word_1_281' title='bbox 713 4102 766 4180; x_wconf 90' lang='grc' dir='ltr'>ΙΙ,</span> <span class='ocrx_word' id='word_1_282' title='bbox 788 4102 828 4166; x_wconf 88' lang='grc'>76</span> <span class='ocrx_word' id='word_1_283' title='bbox 845 4119 863 4165; x_wconf 90' lang='lat'>«</span> <span class='ocrx_word' id='word_1_284' title='bbox 883 4099 1030 4168; x_wconf 87' lang='lat' dir='ltr'>Nascenti</span> <span class='ocrx_word' id='word_1_285' title='bbox 1045 4103 1280 4188; x_wconf 80' lang='lat' dir='ltr'>puero-Casta</span> <span class='ocrx_word' id='word_1_286' title='bbox 1292 4102 1374 4188; x_wconf 82' lang='lat' dir='ltr'>soce,</span> <span class='ocrx_word' id='word_1_287' title='bbox 1395 4099 1560 4170; x_wconf 86' lang='lat' dir='ltr'>Lucina.»</span> 
     </span>
    </p>
   </div>
   <div class='ocr_carea' id='block_1_6' title="bbox 333 4214 1559 4303">
    <p class='ocr_par' dir='ltr' id='par_1_7' title="bbox 333 4214 1559 4303">
     <span class='ocr_line' id='line_1_31' title="bbox 333 4214 1559 4303; baseline 0.002 -21"><span class='ocrx_word' id='word_1_288' title='bbox 333 4239 335 4242; x_wconf 94' lang='lat'>·</span> <span class='ocrx_word' id='word_1_289' title='bbox 464 4215 501 4281; x_wconf 84' lang='lat' dir='ltr'>G.</span> <span class='ocrx_word' id='word_1_290' title='bbox 516 4215 559 4295; x_wconf 95' lang='grc' dir='ltr'>ΙΙ,</span> <span class='ocrx_word' id='word_1_291' title='bbox 579 4219 654 4283; x_wconf 87' lang='grc'><strong>228.</strong></span> <span class='ocrx_word' id='word_1_292' title='bbox 677 4253 717 4264; x_wconf 90' lang='grc'><strong>-</strong></span> <span class='ocrx_word' id='word_1_293' title='bbox 735 4214 892 4302; x_wconf 78' lang='lat' dir='ltr'>iedelpere</span> <span class='ocrx_word' id='word_1_294' title='bbox 905 4217 942 4283; x_wconf 89' lang='lat' dir='ltr'>G.</span> <span class='ocrx_word' id='word_1_295' title='bbox 964 4217 1005 4297; x_wconf 93' lang='lat' dir='ltr'>II,</span> <span class='ocrx_word' id='word_1_296' title='bbox 1023 4218 1086 4284; x_wconf 88' lang='grc'>277</span> <span class='ocrx_word' id='word_1_297' title='bbox 1104 4237 1121 4282; x_wconf 90' lang='lat'>«</span> <span class='ocrx_word' id='word_1_298' title='bbox 1136 4216 1268 4303; x_wconf 78' lang='lat' dir='ltr'>ledulpe</span> <span class='ocrx_word' id='word_1_299' title='bbox 1280 4215 1452 4284; x_wconf 81' lang='lat' dir='ltr'>ordhtihcs.</span> <span class='ocrx_word' id='word_1_300' title='bbox 1476 4237 1493 4282; x_wconf 85' lang='lat'>»</span> <span class='ocrx_word' id='word_1_301' title='bbox 1508 4220 1559 4297; x_wconf 93' lang='grc' dir='ltr'>ΙΙ,</span> 
     </span>
    </p>
   </div>
   <div class='ocr_carea' id='block_1_7' title="bbox 465 4329 1562 4535">
    <p class='ocr_par' dir='ltr' id='par_1_8' title="bbox 465 4329 1562 4535">
     <span class='ocr_line' id='line_1_32' title="bbox 467 4329 1562 4419; baseline 0.002 -21"><span class='ocrx_word' id='word_1_302' title='bbox 467 4333 540 4399; x_wconf 85' lang='grc'><strong>798.</strong></span> <span class='ocrx_word' id='word_1_303' title='bbox 559 4332 596 4398; x_wconf 93' lang='lat' dir='ltr'>A.</span> <span class='ocrx_word' id='word_1_304' title='bbox 617 4333 670 4412; x_wconf 91' lang='grc' dir='ltr'>ΙΙ,</span> <span class='ocrx_word' id='word_1_305' title='bbox 690 4335 744 4399; x_wconf 93' lang='grc'>57.</span> <span class='ocrx_word' id='word_1_306' title='bbox 771 4334 822 4413; x_wconf 91' lang='grc' dir='ltr'>ΙΙ,</span> <span class='ocrx_word' id='word_1_307' title='bbox 858 4334 933 4399; x_wconf 84' lang='grc'><strong>735.</strong></span> <span class='ocrx_word' id='word_1_308' title='bbox 952 4333 1034 4413; x_wconf 90' lang='grc' dir='ltr'>ΙΙΙΙ,</span> <span class='ocrx_word' id='word_1_309' title='bbox 1057 4335 1119 4400; x_wconf 88' lang='grc'>572</span> <span class='ocrx_word' id='word_1_310' title='bbox 1140 4353 1157 4399; x_wconf 88' lang='lat'>‹&lt;</span> <span class='ocrx_word' id='word_1_311' title='bbox 1183 4335 1221 4401; x_wconf 85' lang='lat' dir='ltr'>Et</span> <span class='ocrx_word' id='word_1_312' title='bbox 1238 4333 1342 4419; x_wconf 75' lang='lat' dir='ltr'>pecori</span> <span class='ocrx_word' id='word_1_313' title='bbox 1360 4329 1424 4401; x_wconf 88' lang='lat' dir='ltr'>lata</span> <span class='ocrx_word' id='word_1_314' title='bbox 1454 4331 1562 4400; x_wconf 86' lang='lat' dir='ltr'>iedttl-</span> 
     </span>
     <span class='ocr_line' id='line_1_33' title="bbox 465 4447 1561 4535; baseline 0 -23"><span class='ocrx_word' id='word_1_315' title='bbox 465 4457 545 4532; x_wconf 78' lang='lat' dir='ltr'>pert.</span> <span class='ocrx_word' id='word_1_316' title='bbox 563 4467 581 4512; x_wconf 85' lang='lat' dir='ltr'>t&gt;</span> <span class='ocrx_word' id='word_1_317' title='bbox 596 4448 649 4527; x_wconf 87' lang='grc' dir='ltr'>ΙΙΙ,</span> <span class='ocrx_word' id='word_1_318' title='bbox 666 4449 739 4514; x_wconf 91' lang='grc'><strong>765.</strong></span> <span class='ocrx_word' id='word_1_319' title='bbox 756 4451 831 4515; x_wconf 91' lang='grc'><strong>675.</strong></span> <span class='ocrx_word' id='word_1_320' title='bbox 848 4485 888 4496; x_wconf 89' lang='grc'><strong>-</strong></span> <span class='ocrx_word' id='word_1_321' title='bbox 901 4449 1034 4515; x_wconf 87' lang='lat' dir='ltr'>Grotori</span> <span class='ocrx_word' id='word_1_322' title='bbox 1047 4448 1082 4515; x_wconf 81' lang='lat' dir='ltr'>A.</span> <span class='ocrx_word' id='word_1_323' title='bbox 1099 4450 1151 4528; x_wconf 95' lang='grc' dir='ltr'>ΙΙ,</span> <span class='ocrx_word' id='word_1_324' title='bbox 1167 4449 1230 4515; x_wconf 78' lang='grc'>778</span> <span class='ocrx_word' id='word_1_325' title='bbox 1245 4469 1262 4514; x_wconf 74' lang='lat' dir='ltr'>r&lt;</span> <span class='ocrx_word' id='word_1_326' title='bbox 1276 4459 1406 4535; x_wconf 80' lang='lat' dir='ltr'>protere</span> <span class='ocrx_word' id='word_1_327' title='bbox 1416 4447 1528 4516; x_wconf 89' lang='lat' dir='ltr'>sorori.</span> <span class='ocrx_word' id='word_1_328' title='bbox 1543 4469 1561 4513; x_wconf 82' lang='lat' dir='ltr'>u</span> 
     </span>
    </p>
   </div>
   <div class='ocr_carea' id='block_1_8' title="bbox 381 4559 1562 4756">
    <p class='ocr_par' dir='ltr' id='par_1_9' title="bbox 381 4559 1562 4756">
     <span class='ocr_line' id='line_1_34' title="bbox 381 4559 1562 4661; baseline 0.002 -29"><span class='ocrx_word' id='word_1_329' title='bbox 381 4559 385 4570; x_wconf 87' lang='lat'><em>&#39;</em></span> <span class='ocrx_word' id='word_1_330' title='bbox 465 4562 597 4649; x_wconf 84' lang='lat' dir='ltr'>Operori</span> <span class='ocrx_word' id='word_1_331' title='bbox 613 4563 648 4630; x_wconf 92' lang='lat' dir='ltr'>A.</span> <span class='ocrx_word' id='word_1_332' title='bbox 663 4564 721 4646; x_wconf 92' lang='grc' dir='ltr'>ΙΙΙ,</span> <span class='ocrx_word' id='word_1_333' title='bbox 738 4566 800 4636; x_wconf 88' lang='grc'>736</span> <span class='ocrx_word' id='word_1_334' title='bbox 818 4584 836 4630; x_wconf 77' lang='lat' dir='ltr'>&lt;r</span> <span class='ocrx_word' id='word_1_335' title='bbox 852 4561 1000 4638; x_wconf 77' lang='lat' dir='ltr'>docetes</span> <span class='ocrx_word' id='word_1_336' title='bbox 1024 4564 1175 4661; x_wconf 83' lang='lat' dir='ltr'>arcisque</span> <span class='ocrx_word' id='word_1_337' title='bbox 1189 4561 1280 4635; x_wconf 87' lang='lat' dir='ltr'>novis</span> <span class='ocrx_word' id='word_1_338' title='bbox 1296 4575 1425 4658; x_wconf 84' lang='lat' dir='ltr'>operato</span> <span class='ocrx_word' id='word_1_339' title='bbox 1451 4562 1562 4636; x_wconf 91' lang='lat' dir='ltr'>iuveu-</span> 
     </span>
     <span class='ocr_line' id='line_1_35' title="bbox 450 4684 549 4756; baseline 0.04 -28"><span class='ocrx_word' id='word_1_340' title='bbox 450 4723 451 4728; x_wconf 72' lang='grc'>,</span> <span class='ocrx_word' id='word_1_341' title='bbox 464 4684 530 4756; x_wconf 63' lang='grc' dir='ltr'>ως,</span> <span class='ocrx_word' id='word_1_342' title='bbox 545 4726 549 4732; x_wconf 96' lang='grc'><strong>.</strong></span> 
     </span>
    </p>
   </div>
   <div class='ocr_carea' id='block_1_9' title="bbox 0 0 1763 5604">
    <p class='ocr_par' dir='ltr' id='par_1_10' title="bbox 0 0 1763 5604">
     <span class='ocr_line' id='line_1_36' title="bbox 0 0 1763 5604; baseline 0 0"><span class='ocrx_word' id='word_1_343' title='bbox 0 0 1763 5604; x_wconf 95' lang='lat' dir='ltr'> </span> 
     </span>
    </p>
   </div>
  </div>
 </body>
</html>
