3528 5604
676 543 847 610 ...45-

214 717 1156 816 puriorlortiorquesimulefficitur;·-stabilinnturloquendi
1169 719 1317 793 rationes

214 850 246 913 et
261 839 592 923 famulariorum
614 839 684 910 soni
701 839 901 928 inflexosque
914 835 1064 908 clariores
1074 836 1309 929 mollioresque

214 954 318 1039 iiuut;
340 955 494 1028 vocabula
511 953 751 1027 conformantur
769 961 800 1022 et
822 970 957 1022 numero
975 957 1142 1044 augentur,
1158 959 1255 1044 prout
1268 950 1308 1021 ad

214 1089 314 1141 noras
336 1071 542 1164 cogitationes
565 1067 789 1160 exprimendas
813 1087 894 1158 opus
915 1075 976 1138 est.
1001 1067 1124 1158 Lingua
1145 1067 1236 1138 novis
1259 1067 1309 1139 lo-

214 1186 334 1274 quendi
352 1185 498 1258 formulis
517 1205 556 1257 on
574 1203 687 1276 graeco
705 1183 791 1254 fonte
809 1181 958 1254 derivatis
977 1181 1132 1254 instructa
1142 1191 1179 1253 et
1197 1191 1309 1254 ornata

214 1320 363 1392 graecum
377 1301 516 1372 colorem
533 1298 647 1370 induit.
664 1303 709 1368 Ex
718 1298 757 1368 iis
771 1318 846 1370 vero
861 1297 952 1370 novis
962 1298 1134 1370 verborum
1145 1308 1309 1371 construc-

214 1415 355 1489 tionibus
373 1436 455 1507 quae
469 1435 508 1487 ex
521 1434 634 1508 graeca
645 1414 770 1504 syntaxi
783 1414 816 1484 in
828 1422 919 1486 retus
937 1412 1054 1486 latinae
1067 1413 1195 1507 linguae
1208 1435 1309 1507 genus

213 1533 411 1623 irruperunt,
431 1531 511 1604 aliae
531 1551 565 1602 se
583 1531 682 1602 latino
701 1529 829 1621 ingenio
848 1529 1064 1600 innexuerunt
1079 1537 1111 1601 et
1128 1525 1309 1616 accommo-

215 1647 332 1718 darunt
353 1649 468 1740 iusque
489 1647 635 1730 civitatis,
656 1655 692 1716 ut
709 1646 753 1716 ita
767 1644 883 1729 dicam,
903 1653 1105 1737 acceperunt,
1121 1645 1201 1717 aliae
1219 1666 1307 1729 raro,

214 1760 355 1853 hospitio
377 1769 501 1834 tantum
524 1771 681 1854 acceptae,
698 1761 862 1853 propriam
881 1781 1009 1854 semper
1029 1769 1197 1834 serrarum
1217 1770 1310 1835 natu-

196 1895 283 1949 ·ram
302 1878 438 1969 ideoque
456 1876 637 1951 hellenismi
652 1885 817 1949 vocantur.
849 1928 850 1931 ,

257 1998 346 2064 Tunc
371 1994 513 2086 primum
540 2015 614 2068 rere
641 1993 823 2065 adolescere
848 1993 1005 2086 incipiunt
1034 1994 1160 2066 latinae·
1173 1995 1308 2078 litterae,

216 2129 449 2202 romanumque
461 2111 637 2202 ingenium,
648 2110 688 2180 ab
698 2108 837 2182 externis
849 2110 942 2201 quasi
952 2119 1148 2183 commotum
1160 2110 1308 2204 ingeniis,

216 2227 256 2298 ad
273 2229 384 2300 omnia
398 2249 481 2320 quae
494 2228 534 2299 ad
551 2228 780 2299 humanitatem
799 2227 960 2319 pertinent
977 2227 1131 2299 imitanda
1148 2228 1309 2300 incitatur.

259 2347 373 2417 Poetae
387 2345 483 2438 primi
494 2345 636 2437 linguam
648 2352 899 2416 exercueruntet
910 2352 1079 2429 auxerunt,
1087 2345 1168 2436 epici
1181 2343 1310 2436 quidem

217 2467 249 2530 et
265 2459 441 2533 dramatici.
464 2461 526 2534 Sed
543 2470 574 2532 et
590 2461 649 2531 riri
665 2461 760 2532 etiam
778 2480 854 2532 mox
873 2460 1074 2544 exstiterunt,
1089 2461 1145 2553 qni
1162 2460 1196 2533 in
1214 2460 1310 2533 rebus

216 2575 353 2666 publicis
372 2579 499 2662 versati,
520 2576 561 2649 ad
578 2598 709 2670 prosam
723 2577 900 2650 orationem
919 2577 1153 2649 informandam
1168 2584 1200 2649 et
1217 2597 1311 2649 exco-

216 2691 344 2763 lendam
370 2693 508 2764 multum
531 2693 735 2766 contulerunt
760 2701 793 2766 et
813 2692 942 2786 linguae
967 2712 1108 2765 severam
1137 2711 1313 2785 sanamque

217 2806 358 2880 indolem
380 2809 625 2901 impresserunt.
652 2815 740 2881 Tunc
762 2808 872 2901 lingua
894 2809 1012 2881 rustica
1035 2808 1084 2880 vel
1108 2807 1248 2901 vulgaris
1271 2807 1311 2878 ab

218 2925 319 2996 latim
331 2925 534 3010 discernitur,
558 2945 640 3017 quae
662 2925 726 2996 iam
748 2945 824 2996 suas
847 2926 1069 3018 grammaticas
1093 2923 1180 3017 leges
1202 2923 1310 3007 hahet,

218 3051 361 3132 quaeest
375 3051 543 3134 poetarum
561 3050 777 3125 etoratorum,
788 3052 820 3114 et
832 3043 904 3115 ideo
918 3043 1099 3116 communis
1110 3041 1312 3115 emditornm

216 3153 337 3247 lingua.
352 3157 456 3227 Huius
470 3157 582 3248 aetatis
592 3157 729 3227 Romani
742 3158 838 3227 totino
849 3158 1033 3246 loquuntur,
1047 3165 1083 3227 ut
1094 3157 1139 3227 ait
1152 3156 1258 3230 Cicero
1273 3157 1313 3228 de

218 3271 308 3343 Orat,
318 3275 376 3355 ΙΙΙ,
393 3277 447 3355 tt,
463 3277 504 3344 to
525 3296 534 3342 :
558 3299 573 3338 o
601 3276 642 3342 Ut
654 3274 750 3342 lutiae
762 3271 946 3364 loquamur,
971 3280 1037 3343 »et
1050 3272 1222 3365 scriptores
1237 3291 1312 3362 pro-

217 3387 286 3479 prie
304 3389 398 3458 tutior·
416 3397 492 3460 sunt
510 3387 660 3460 habendi.
676 3392 743 3458 Iam
759 3407 844 3459 nunc
857 3407 933 3460 uera
950 3387 1090 3459 latinitas
1107 3387 1310 3470 informatur,

217 3522 312 3596 aqna
324 3504 509 3595 posterioris
522 3503 633 3576 aetatis
652 3504 835 3595 scriptores,
856 3502 890 3575 in
902 3524 941 3576 eo
959 3503 1176 3596 scilicetqnod
1194 3503 1235 3575 ad
1247 3503 1313 3574 vim

217 3627 250 3690 et
274 3628 422 3692 naturam
447 3620 575 3711 linguae
601 3619 749 3711 pertinet,
776 3640 842 3692 non
869 3620 1007 3690 multum
1033 3619 1243 3692 deflexerunt.
1267 3622 1313 3691 De

217 3734 361 3806 oratione
374 3735 461 3806 enim
477 3734 603 3807 Catonis
622 3735 700 3806 haec
719 3734 825 3806 Cicero
848 3733 1011 3806 declarat:
1033 3757 1052 3803 «
1075 3734 1243 3827 Antiquior
1264 3741 1313 3803 est

217 3850 314 3923 huius
336 3871 444 3924 sermo
466 3860 499 3923 ot
520 3851 678 3943 quaedam
704 3849 885 3924 horridiora
906 3852 1022 3936 rerba;
1046 3851 1091 3924 ita
1117 3851 1204 3924 enim
1236 3858 1314 3922 tnnc

217 3966 451 4058 loquebantur;
472 3967 505 4038 id
528 3975 628 4052 muta,
654 3967 741 4059 quod
763 3974 840 4038 tunc
861 3967 915 4038 ille
942 3986 1007 4041 non
1032 3967 1149 4059 potuit,
1170 3975 1202 4039 et
1230 3964 1316 4043 adde.

218 4103 383 4167 numeret,
398 4091 435 4155 ut
447 4083 552 4175 aptior
570 4083 613 4155 sit
629 4083 755 4166 oratio;
774 4083 845 4174 ipsa
862 4082 960 4154 rerba
986 4103 1144 4176 compone
1161 4091 1194 4154 et
1219 4081 1313 4175 quasi

218 4208 415 4290 coagmenta,
428 4199 515 4292 qood
527 4219 570 4274 ne
585 4201 695 4272 Graeci
706 4198 836 4291 quidem
850 4207 974 4272 veteres
992 4199 1213 4272 factitarerunt
1223 4223 1236 4294 ;v
1248 4198 1312 4269 iam

217 4313 380 4386 neminem
398 4324 574 4408 antepones
597 4316 718 4388 Catoni.
742 4339 764 4388 n.
786 4317 889 4405 (Brut.
914 4318 972 4400 tr,
994 4318 1063 4406 80).
1090 4315 1192 4388 deteri
1216 4313 1313 4387 etiam

218 4427 363 4502 eiusdem
389 4432 501 4505 aetatis
527 4432 711 4524 scriptores,
735 4439 849 4523 poetae
870 4431 1042 4523 imprimis,
1061 4431 1168 4502 Livius
1190 4429 1315 4502 ledro-

218 4545 322 4631 nicns,
345 4549 513 4634 Paconius,
529 4547 673 4634 Plautus,
688 4548 822 4634 Ennius,
847 4547 1027 4633 Terentius,
1051 4546 1203 4633 Lucilius,
1229 4547 1263 4620 in
1282 4545 1316 4619 id
