3528 5604
706 647 878 720 ..49-

285 831 454 900 Praetulit
476 832 513 899 G.
530 833 586 913 ΙΙΙ,
609 834 706 908 1801
725 834 787 901 lut
800 831 921 922 Alphea
932 831 1028 914 rotis,
1046 834 1189 920 praelabi
1206 835 1341 923 [lumino

241 943 343 1015 Pisae.
362 945 439 1015 adi.
456 949 573 1016 Lucan.
590 950 657 1028 Vll,
677 949 876 1035 ldproetolu'
891 950 1025 1018 moenio.

284 1076 501 1144 Prueoertere:
526 1077 562 1143 l.
590 1077 657 1156 Vll,
688 1078 790 1143 807«
815 1078 981 1168 Cursuque
1008 1075 1127 1168 pedum
1148 1089 1342 1168 praevertere

238 1200 353 1256 oeotos.
370 1212 388 1256 »

282 1308 499 1374 Prmeutore:
520 1304 739 1396 Letheumque
755 1309 859 1376 domos
874 1306 930 1398 qui
945 1321 1115 1396 proeootut
1132 1326 1271 1377 amnem.

287 1436 365 1501 Pro:

280 1547 518 1638 Prorumpero:
543 1553 580 1620 A.
600 1554 658 1633 ΙΙΙ,
680 1555 743 1621 572
763 1554 897 1621 «Aetna
915 1591 956 1601 —
975 1560 1076 1621 atram
1094 1553 1275 1642 prorumpit
1299 1550 1339 1620 ad

238 1663 368 1733 aethera
384 1668 506 1737 potem
524 1690 541 1735 u
560 1671 654 1759 Verg.
670 1667 804 1737 verbum
814 1688 1019 1757 prorumpere
1033 1666 1158 1758 primus
1174 1667 1339 1737 transitive

237 1788 384 1870 usurpat.
403 1780 448 1849 uf.
470 1786 541 1854 Ter.
558 1782 656 1852 Andr.
678 1788 742 1853 562
759 1804 821 1852 sese
836 1804 985 1871 emerpere
1003 1783 1096 1853 malis
1111 1807 1119 1868 ;
1136 1782 1338 1854 audaciorem

237 1895 507 1968 constructionem
522 1897 622 1968 Catul.
640 1897 783 1968 imitatur
800 1904 854 1982 dl,
872 1903 913 1969 t3
929 1920 1075 1969 emersere
1087 1901 1206 1970 uultus.
1287 1918 1290 1922 ·

226 2137 228 2140 -
280 2093 379 2163 Multa
398 2094 531 2185 quidem
545 2114 585 2165 ex
599 2095 639 2166 iis
657 2094 763 2167 verbis
782 2115 864 2188 quae
884 2117 958 2168 cum
976 2097 1082 2167 dativo
1111 2096 1161 2167 vel
1178 2115 1252 2168 cum
1271 2115 1336 2166 acc.

237 2216 268 2278 et
286 2228 397 2300 praep.
418 2213 464 2293 ire,
488 2213 542 2294 ud,
564 2211 613 2281 vel
634 2231 707 2282 cum
734 2211 798 2282 abl.
820 2233 893 2283 cum
912 2212 962 2283 vel
981 2213 1050 2282 sine
1064 2231 1174 2302 praep.
1196 2211 1339 2282 construi

237 2322 352 2406 solent,
369 2324 466 2396 etiam
481 2325 515 2396 in
534 2345 642 2416 prosa,
659 2327 742 2397 sicut
760 2335 792 2397 et
805 2326 892 2418 apud
909 2337 1033 2418 poetas,
1049 2347 1122 2398 cum
1136 2347 1201 2400 acc.
1220 2326 1338 2396 transi-

236 2437 298 2508 tive
312 2449 534 2530 usurpantur;
560 2440 617 2512 sed
636 2442 737 2512 multo
757 2443 864 2533 plura,
884 2452 922 2513 ut
947 2462 986 2513 ex
1005 2442 1083 2513 locis
1109 2462 1207 2533 supra
1233 2442 1338 2512 allatis

235 2562 333 2644 patet,
354 2574 392 2625 eo
411 2554 508 2626 modo
528 2555 625 2627 verba
637 2566 750 2648 poetae
768 2566 971 2641 construunt,
999 2558 1065 2628 sive
1085 2557 1160 2648 quia
1184 2554 1290 2626 verbis
1305 2556 1338 2636 in

234 2687 332 2758 prosa
348 2670 475 2741 usitatis
501 2681 577 2743 sunt
602 2672 720 2770 similia
743 2682 775 2745 et
801 2673 871 2763 pari
899 2671 1142 2766 significatione,
1164 2671 1230 2743 sire
1250 2672 1337 2763 quod

235 2782 402 2853 transitiva
416 2785 611 2886 consmuctio
631 2785 734 2878 magis
749 2785 789 2856 ad
808 2786 946 2856 vividam
970 2796 1003 2858 et
1027 2787 1172 2877 rapidam
1196 2786 1337 2877 descrip-

243 2905 363 2968 tronem
376 2899 648 2971 accommodatur.
669 2904 759 2971 Hanc
773 2910 942 2990 poetarum
958 2901 1153 2992 singularem
1171 2899 1336 2971 audaciam

233 3014 397 3103 praeclara
425 3019 568 3087 Gossrau
600 3016 871 3087 commentatione
898 3016 1038 3086 illustrat
1063 3016 1103 3086 ad
1134 3019 1169 3084 l.
1197 3018 1239 3098 ΙΙ,
1270 3019 1333 3085 3l:

236 3135 386 3202 «Amant
398 3131 484 3203 enim
498 3140 623 3223 poetae,
639 3133 754 3224 inquit,
772 3132 929 3203 vocabula
944 3132 1077 3204 lortiora
1095 3141 1126 3201 et
1145 3131 1278 3214 rariora,
1298 3152 1336 3202 ea

235 3247 330 3317 etiam
352 3266 505 3338 quaeres
525 3247 627 3339 magis
655 3248 791 3340 pingunt
821 3257 853 3318 et
882 3247 983 3318 oculis
1019 3245 1191 3317 subiciunt.
1225 3250 1336 3337 ltaque

234 3363 346 3445 Latini,
372 3383 445 3433 cum
470 3383 554 3434 nora
576 3362 673 3434 verba
701 3363 860 3434 formandi
887 3383 925 3433 ea
947 3363 980 3432 in
1004 3362 1113 3454 lingua
1135 3383 1336 3455 nonmagna

233 3485 318 3549 esset
329 3476 474 3560 facultas,
490 3477 588 3547 rerba
600 3477 742 3568 primum
755 3477 842 3548 aliud
855 3477 1066 3569 significantia
1080 3477 1113 3547 in
1126 3477 1221 3547 aliam
1235 3477 1334 3569 signi-

232 3591 413 3663 ficationem
432 3601 610 3676 traxerunt,
635 3601 667 3663 et
694 3592 802 3675 verba,
828 3611 911 3682 quae
937 3592 1114 3662 secundum
1134 3591 1197 3662 vim
1213 3592 1334 3683 prima-

232 3709 313 3778 riam
331 3708 451 3780 nullius
471 3717 562 3780 erant
583 3709 744 3792 rectionis,
764 3729 858 3779 casus
877 3727 987 3800 regere
1010 3708 1187 3778 iusserunt.
1207 3712 1277 3790 Qua
1294 3729 1333 3780 ex

233 3825 354 3895 ratione
374 3825 406 3894 in
425 3824 524 3894 animi
542 3822 683 3896 motibus
702 3823 908 3917 designandis
936 3843 974 3894 ea
997 3824 1094 3894 etiam
1117 3822 1225 3907 verba,
1250 3845 1332 3917 quae

233 3939 361 4031 signant
381 3948 549 4010 externum
572 3939 715 4029 corporis
739 3939 896 4021 habitum,
919 3958 983 4031 quo
1004 3939 1107 4030 isqui
1134 3940 1241 4011 animo
1260 3961 1331 4012 mo-

233 4061 323 4122 vetur
339 4060 399 4134 est,
418 4050 617 4122 substituunt
634 4052 731 4122 verbo
744 4053 887 4142 proprio.
907 4055 1023 4135 Quare,
1041 4060 1078 4122 ut
1098 4052 1206 4144 magni
1224 4062 1331 4124 motus

233 4168 361 4259 signum
387 4177 437 4238 est
461 4176 581 4239 tremor
607 4177 638 4238 et
665 4168 790 4249 horror,
813 4188 947 4260 magnae
964 4168 1184 4240 admirationis
1204 4179 1328 4262 stupor,

232 4281 339 4374 magni
359 4281 508 4352 desiderii
528 4281 705 4373 suspicium
724 4291 855 4373 atquae
876 4290 952 4352 sunt
970 4282 1057 4365 alia;
1083 4282 1158 4353 inde
1179 4284 1329 4356 tremisco

232 4398 383 4488 aliquem,
403 4398 518 4469 horreo
537 4418 610 4468 cum
624 4418 688 4468 acc.
710 4407 769 4469 etc.
788 4422 806 4466 »
826 4397 904 4469 Indo
920 4398 955 4468 fit
970 4407 1006 4467 ut
1018 4407 1130 4490 regant
1146 4398 1242 4470 etiam
1257 4399 1329 4469 infi-
1437 4407 1441 4416 ’

231 4513 377 4596 nitirum,
391 4513 447 4604 qui
459 4514 582 4604 species
594 4513 751 4606 quaedam
764 4514 904 4585 nominis
922 4522 986 4585 est:
1004 4518 1039 4583 A.
1058 4518 1100 4597 ΙΙ,
1122 4519 1329 4598 1210111111-

230 4651 326 4726 quam
346 4630 473 4703 animus
490 4633 662 4702 meminisse
679 4632 800 4712 horret.
820 4632 897 4703 acl.
919 4634 956 4702 G.
971 4635 1029 4716 ΙΙΙ,
1046 4636 1109 4702 l08
1123 4655 1142 4700 e
1157 4637 1327 4725 Nunquam

1184 4775 1197 4819 le
