3540 5612
666 689 737 728 ·“--
754 677 825 746 ’483
849 711 890 730 ··-

238 878 349 928 moou.
370 881 388 926 »
408 861 492 941 Vlll,
522 863 584 928 446
605 881 623 926 «
651 857 876 950 Paciferaeque
893 878 994 929 mooe
1012 879 1139 931 ramum
1167 859 1348 951 praetendit

239 973 353 1044 olivae.
374 996 392 1041 »
411 979 475 1044 220
495 995 513 1041 «
532 974 629 1064 Rapit
646 995 735 1044 arma
753 995 864 1044 46666.
884 997 901 1042 »
931 979 985 1058 XI,
1004 980 1088 1060 332.Ι
1111 1017 1151 1026 -
1171 980 1254 1056 vill,
1283 982 1347 1048 294

240 1111 258 1155 «
275 1094 322 1158 Tu
337 1129 378 1138 —
392 1089 616 1179 Hylaeumque
628 1088 830 1180 Pholumque
840 1111 942 1160 76666
954 1099 1087 1162 mactas.
1106 1096 1202 1161 »694
1218 1115 1236 1160 c
1250 1097 1348 1183 Stup-

239 1225 300 1294 pea
326 1205 458 1274 llamma
475 1225 576 1274 6666
595 1203 732 1294 telisque
761 1204 890 1276 volatile
912 1205 1034 1275 ferrum
1057 1207 1272 1299 Spargitur.»
1292 1213 1346 1293 lll,

239 1325 316 1389 594.
347 1324 401 1402 lll,
433 1324 502 1389 453·
517 1343 541 1387 7
568 1323 665 1390 Arma
688 1341 789 1391 76666
807 1321 924 1413 trepidi
952 1331 1143 1413 6666664.»
1176 1328 1280 1395 Monte
1308 1325 1348 1394 ad

239 1437 398 1507 actionem
418 1435 603 1526 perlectam,
630 1436 722 1507 cuius
740 1436 869 1522 initium
888 1445 1014 1508 tantum
1036 1452 1168 1528 6666664
1188 1438 1346 1530 designat,

239 1549 388 1620 76467467.
406 1573 424 1618 >›
440 1556 503 1620 505
519 1573 536 1618 ‹<
554 1551 629 1621 Sine
642 1573 694 1621 me
707 1551 812 1641 primu
825 1559 1057 1622 6666466676
1070 1553 1213 1643 66746646
1226 1553 1313 1624 belli.
1330 1577 1347 1622 »

104 1675 108 1682 ·
239 1669 316 1748 675,
337 1669 412 1748 766,
434 1650 510 1737 eoa.
530 1671 599 1750 76,
621 1673 676 1750 66,
700 1673 775 1751 766,
800 1672 874 1750 776,
901 1671 977 1750 676,
995 1673 1071 1751 cac,
1090 1674 1168 1752 666,
1184 1679 1244 1741 ou.

282 1785 435 1853 Nomine:
453 1786 491 1853 G.
508 1788 560 1866 IV,
577 1789 641 1854 356
661 1807 679 1851 7
700 1789 742 1854 Te
764 1783 927 1855 crudelem
945 1787 1068 1854 666466
1087 1784 1174 1855 dicit.
1199 1809 1217 1853 »
1237 1789 1272 1857 Α.
1295 1789 1347 1870 Vl,

238 1901 303 1968 242
319 1921 336 1966 r<
353 1897 443 1969 Unde
463 1898 570 1970 locum
583 1898 657 1968 Grai
671 1898 820 1969 dixerunt
833 1901 956 1968 666466
972 1903 1114 1970 467666.
1133 1922 1150 1968 6

277 2129 314 2194 2.
334 2163 374 2174 -
395 2124 596 2196 Gerundium
620 2126 653 2194 in
676 2127 748 2207 odo,
769 2125 856 2216 quod
883 2134 932 2196 est
951 2124 1114 2196 664644766·
1125 2145 1220 2196 66666
1241 2125 1350 2195 inimi·
1459 2155 1460 2158 ¹

236 2238 303 2321 tivi,
328 2238 368 2308 ad
397 2238 633 2330 designandum
656 2239 909 2310 instrumentum
934 2260 1031 2332 saepe
1049 2249 1243 2332 usurpatur;
1273 2250 1351 2311 tuno

238 2355 431 2426 substantivi
460 2363 568 2446 partes
589 2356 682 2446 gerit,
713 2377 787 2425 cum
806 2355 887 2427 actio
906 2357 977 2448 ipsa
1001 2357 1091 2427 verbi
1110 2378 1169 2448 pro
1189 2377 1287 2428 causa
1301 2356 1350 2427 vel

237 2473 453 2543 instrumento
481 2471 655 2562 praedicati
683 2471 851 2542 habeatur.
884 2512 925 2521 -
956 2477 1025 2543 Hoc
1054 2493 1129 2544 7676
1155 2472 1350 2565 gerundium

237 2586 411 2678 aliquando
442 2586 528 2677 apud
547 2595 659 2677 poetas
691 2586 790 2656 totius
814 2586 1046 2676 propositionis
1074 2596 1182 2677 partes
1204 2585 1297 2678 gerit,
1319 2596 1352 2657 et

238 2712 380 2793 tunoper
392 2701 576 2792 explicitam
591 2701 858 2784 enuntiationem,
874 2722 904 2770 v.
919 2722 950 2792 g.
963 2701 1139 2773 ablativum
1149 2701 1347 2784 absolutum,

239 2817 466 2909 explicandum
485 2826 544 2891 664.

282 2951 409 3041 Optime
438 2948 517 3019 mihi
537 2948 663 3019 videtur
683 2949 768 3018 hunc
798 2947 946 3039 gerundii
967 2949 1223 3018 instrumentalis
1251 2969 1349 3019 usum

239 3065 416 3157 explicasse
438 3065 631 3155 Forhigerus
650 3063 683 3133 in
700 3062 907 3134 adnotatione
922 3062 963 3132 ad
990 3067 1025 3132 4.
1045 3067 1087 3144 ΙΙ,
1105 3069 1159 3146 84,
1180 3083 1279 3154 quarn
1298 3063 1351 3134 hio

238 3183 358 3253 relerre
376 3201 442 3252 nou
466 3180 524 3251 abs
552 3200 587 3250 76
612 3180 683 3251 6744.
707 3203 724 3246 ‹<
745 3181 855 3249 Funde
873 3179 1005 3270 aliquod
1024 3180 1051 3249 si
1073 3180 1154 3250 46746
1175 3188 1247 3250 4666
1275 3201 1350 3271 667-

238 3298 324 3368 76644
343 3297 383 3367 ad
402 3316 497 3366 aures
516 3295 652 3366 Belidae
663 3314 782 3364 nomen
801 3293 981 3364 Palamedis
995 3302 1026 3364 64
1040 3294 1149 3365 4664446
1162 3293 1258 3364 lama.
1278 3321 1293 3358 »
1308 3335 1349 3345 -

239 3417 386 3485 «Funde
417 3423 523 3497 erunt,
559 3412 664 3505 inquit
690 3411 895 3504 4676466766,
927 3411 982 3502 qui
1000 3412 1127 3502 passive
1156 3422 1350 3503 usurpatum

239 3551 310 3600 esse
337 3531 444 3600 dicant
470 3533 521 3618 (64
537 3534 572 3599 Ε.
607 3533 691 3610 llll,
714 3531 748 3596 74
781 3550 799 3593 «
819 3528 984 3597 Contendo
999 3527 1162 3618 rumpitur
1187 3528 1302 3620 anguis
1331 3551 1349 3595 6

239 3650 376 3720 :dum
407 3657 568 3730 cantatur;
591 3652 628 3717 G.
664 3650 706 3729 ll,
737 3650 801 3715 239
829 3648 964 3728 orando,
987 3649 1220 3729 discindenda,
1257 3647 1347 3733 etc).

238 3765 479 3838 Recentissimis
509 3774 616 3835 tamen
648 3763 849 3855 temporibus
879 3764 1070 3834 exstiterunt
1099 3765 1154 3855 qui
1187 3763 1284 3834 etiam
1317 3765 1349 3833 in

238 3880 396 3951 eiusmodi
416 3879 494 3950 locis
513 3879 670 3970 gerundio
688 3878 823 3947 activam
843 3875 1109 3967 significationem
1136 3876 1347 3959 vindicarent,

238 3996 286 4066 vel
302 3995 423 4087 potius,
441 3995 472 4064 id
487 3994 575 4086 quod
594 3994 673 4064 mibi
692 3992 897 4063 verissimum
917 3991 1054 4075 videtur,
1077 3993 1270 4084 gerundium
1289 4011 1348 4082 pro

238 4112 438 4183 substantivo
455 4111 574 4181 verbali
594 4110 689 4202 plane
707 4109 867 4178 abstracto
894 4107 1061 4190 haberent,
1079 4109 1111 4177 iu
1143 4129 1208 4199 quo
1228 4127 1286 4198 per
1314 4127 1350 4178 se

239 4236 379 4318 spectato
395 4247 454 4297 uec
471 4226 586 4318 agendi
604 4246 663 4296 nec
674 4222 816 4316 patiendi
836 4222 924 4292 notio
943 4222 1031 4304 insit,
1050 4223 1137 4314 quod
1156 4243 1243 4304 vero,
1259 4243 1346 4302 oum,

239 4343 270 4412 in
289 4343 378 4413 verbi
393 4342 548 4432 temporis
563 4342 729 4411 notionem
744 4346 917 4420 mutatum,
935 4338 1016 4408 solvi
1035 4338 1139 4428 possit
1151 4358 1210 4429 per
1229 4337 1349 4429 imper-

240 4459 349 4530 sonale
368 4467 516 4529 nostrum
529 4478 606 4526 7666
621 4456 747 4548 (gallice
765 4457 831 4540 66),
849 4473 908 4544 676
926 4453 1014 4523 76745
1033 4454 1179 4544 ipsorum
1201 4454 1347 4524 locorum

239 4585 353 4646 natura
364 4575 461 4645 modo
476 4593 535 4664 per
552 4573 703 4653 activum,
718 4570 815 4640 modo
831 4589 889 4661 per
902 4569 1067 4660 passivum
1087 4569 1194 4660 664466
1213 4589 1348 4654 666767-
