3528 5604
698 623 870 701 ..34-

275 812 327 900 (Β)
346 821 614 890 vocativus
633 841 726 897 pro
742 831 1063 886 nominativo.
1085 835 1128 858 ’--
1155 806 1228 878 Vico
1252 827 1345 879 versa

230 925 395 996 vocativus
414 933 478 994 stat
490 943 550 1014 pro
575 924 786 1008 nominativo,
807 925 880 995 licet
894 924 1085 994 adiectirum
1105 942 1170 993 non
1189 923 1230 992 ad
1250 943 1344 994 voca·
1455 962 1458 968 ,

232 1039 345 1122 tivum,
361 1039 418 1109 sed
430 1039 471 1108 ad
484 1038 702 1129 praedicatum
718 1038 950 1128 propositionis
965 1036 1133 1108 referatur.
1150 1041 1185 1106 l.
1202 1041 1244 1121 ll,
1261 1043 1342 1108 283:

232 1177 250 1221 c
267 1154 403 1237 Quibus,
418 1158 547 1236 Hector,
565 1153 605 1222 ab
619 1153 685 1223 oris
700 1158 871 1242 llorpeotote
883 1153 995 1224 venis‘l
1012 1135 1029 1220 u
1045 1157 1098 1235 IX,
1117 1157 1180 1222 485
1197 1175 1205 1221 ε
1222 1155 1341 1222 «Heul

232 1269 365 1348 canibus
377 1272 449 1338 dote
462 1269 557 1339 iaces.
568 1293 586 1336 u
599 1273 638 1353 X,
653 1273 717 1339 327
733 1291 741 1336 ε
759 1291 777 1336 «
792 1275 840 1338 Tu
853 1287 983 1360 quoque
997 1309 1038 1318 —
1049 1268 1170 1359 Cydon,
1186 1269 1346 1338 Dardania

232 1395 351 1457 stratus
367 1386 490 1468 dextra,
507 1405 641 1481 securus
655 1405 852 1456 amorum-
866 1387 1042 1455 miserande
1054 1386 1186 1455 iaceres.
1204 1409 1221 1453 »
1237 1385 1282 1455 ld
1294 1384 1345 1456 lo-

166 1531 167 1540 *
232 1521 306 1573 cum
325 1503 504 1594 Conington
519 1510 604 1572 recte
626 1501 852 1572 animadvertit
871 1501 1053 1572 vocativum
1067 1521 1127 1592 pro
1145 1501 1344 1572 nominativo

205 1655 207 1660 ·
232 1619 449 1690 communiter
459 1637 519 1708 per
530 1618 751 1688 attractionem
767 1626 864 1700 stare,
877 1616 935 1688 ubi
949 1617 1124 1688 uehemens
1138 1617 1237 1688 animi
1249 1619 1354 1689 olleo·

199 1804 202 1809 .
233 1745 286 1806 tus
300 1734 532 1826 exprimendus
547 1736 600 1804 sit.
617 1739 655 1818 X,
679 1740 736 1804 8ll
760 1758 767 1804 :
795 1739 900 1817 «Quo
917 1739 1072 1804 morituro
1090 1735 1158 1806 ruis
1173 1739 1188 1804 7
1202 1737 1263 1825 (=
1278 1756 1344 1827 quo

234 1853 439 1940 moriturus),
471 1855 526 1934 XI,
555 1857 640 1920 856:
679 1855 750 1921 Huc
782 1851 885 1942 dirige
916 1871 1077 1943 gressum,
1109 1855 1181 1922 Huc
1203 1855 1345 1940 periture

233 1968 319 2040 veni.
335 1991 353 2037 t>
367 1973 437 2052 ΧΗ,
455 1972 519 2038 945
534 1992 542 2038 :
559 1991 578 2036 c
595 1966 684 2039 Tune
699 1969 775 2039 hinc
789 1967 903 2059 spoliis
917 1969 1026 2038 indute
1040 1986 1188 2038 meorum
1202 1967 1346 2058 Eripiare
1440 2036 1442 2054 ,
1509 1997 1512 2004 ’

234 2084 342 2154 mihil
367 2107 385 2153 t>

230 2205 232 2210 ’
277 2199 323 2270 Gi.
339 2200 444 2270 Tibul.
466 2205 493 2283 l,
511 2204 544 2283 7,
561 2205 626 2270 53:
649 2201 735 2271 «Sic
748 2199 859 2271 ronias
876 2202 1033 2269 hodierne.
1051 2221 1070 2267 »
1083 2203 1177 2270 Pers.
1198 2203 1256 2281 Ill,
1276 2204 1343 2270 28:
1452 2246 1454 2251 ,

235 2341 253 2386 c
274 2321 448 2388 stemmate
468 2316 555 2407 quod
572 2321 675 2387 Tusco
694 2337 821 2387 ramum
834 2318 996 2384 millesime
1013 2314 1116 2399 ducis,
1134 2320 1347 2386 censoremve

235 2455 332 2505 suum
354 2433 404 2504 vel
427 2433 515 2523 quod
547 2435 686 2502 trabeate
709 2434 830 2504 salutas
849 2436 864 2500 7
892 2455 910 2500 »
933 2431 1087 2503 Horatius
1111 2432 1252 2502 maxima
1276 2433 1346 2503 eius
1471 2493 1473 2498 ,

235 2548 363 2641 generis
379 2548 508 2618 licentia
525 2547 733 2640 singulariter
752 2569 832 2618 usus
852 2556 902 2619 est
917 2551 950 2617 S.
969 2552 1011 2630 ΙΙ,
1028 2553 1060 2631 6,
1075 2552 1118 2617 20
1134 2569 1142 2616 :
1159 2569 1177 2613 c
1193 2547 1347 2618 Matutine

234 2672 337 2756 pater,
355 2683 413 2734 seu
428 2669 506 2732 Ione
521 2663 675 2734 libentius
690 2663 814 2734 audis»
832 2693 874 2718 =
889 2683 948 2735 seu
965 2669 1068 2733 Ionos
1084 2663 1142 2732 lib.
1159 2664 1344 2754 appellaris.

280 2780 459 2870 Aliquando
492 2779 588 2850 etiam
617 2789 754 2872 uterque
780 2800 874 2851 casus
904 2779 1094 2878 miscentur.
1126 2783 1197 2848 Iuv.
1221 2784 1273 2863 lv,
1304 2785 1346 2850 el

237 2921 255 2965 «
275 2903 334 2981 Tu,
347 2900 526 2967 succinctus
539 2880 643 2987 patria
661 2896 838 2988 quondam,
855 2899 1010 2987 Crispino,
1029 2917 1165 2988 papyro.
1185 2920 1204 2966 »
1219 2896 1347 2967 Duriori

236 3013 333 3084 etiam
345 3019 377 3082 et
386 3011 550 3082 audaciori
572 3011 701 3082 licentia
724 3015 803 3082 Stat.
829 3011 929 3082 Theb.
951 3015 1020 3096 VII,
1044 3015 1108 3081 777
1122 3034 1140 3078 c
1161 3011 1259 3095 Vade,
1281 3031 1347 3081 non

236 3145 431 3217 perpessure
447 3127 592 3198 Creontis
610 3128 751 3218 Imperia
768 3136 824 3197 act
840 3127 938 3198 uetito
957 3129 1065 3218 nudus
1083 3129 1218 3196 iaciture
1237 3127 1347 3218 sepul·
1418 3159 1419 3162 ¹

236 3261 303 3313 cro.
325 3265 343 3310 t>
1045 3221 1046 3226 ἵ
1337 3249 1338 3254 ’

280 3361 518 3449 Nonnunquam
539 3369 570 3432 et
586 3380 702 3454 prosae
721 3359 878 3431 orationis
899 3360 1073 3451 scriptores
1096 3357 1180 3429 hanc
1197 3358 1347 3430 nomina-

237 3471 293 3544 tivi
311 3473 344 3543 in
363 3473 543 3546 vocativum
559 3486 591 3548 et
607 3475 675 3547 vice
690 3496 784 3546 versa
803 3469 1017 3546 mutationem
1036 3483 1208 3566 usurpant.
1229 3475 1297 3544 Liv.
1318 3479 1345 3558 I,

237 3593 300 3680 tl,
316 3592 335 3657 7
350 3615 357 3660 :
378 3611 398 3657 «
417 3591 511 3675 ludi,
532 3601 579 3676 tu,
596 3595 733 3683 populus
751 3593 893 3662 Albanus
908 3613 943 3674 »;
965 3593 1049 3674 vm,
1064 3595 1134 3674 9,l
1155 3613 1173 3658 «
1189 3590 1345 3682 Agedum,

234 3709 379 3795 pontisera
395 3708 541 3796 publicus
558 3707 671 3799 populi
689 3706 839 3790 Romani,
859 3705 948 3798 praei
967 3705 1067 3776 verba
1085 3705 1204 3797 quibus
1221 3697 1277 3776 me
1287 3725 1347 3797 pro

239 3822 424 3914 legionibus
435 3823 621 3894 devoveam.
641 3823 757 3893 »Ptin
773 3827 814 3892 H.
834 3827 871 3894 N.
889 3828 960 3907 llll,
976 3829 1043 3894 30:
1066 3847 1084 3892 c
1102 3825 1206 3907 Salve,
1221 3826 1348 3914 primus

146 4013 150 4020 ,
239 3935 385 4005 omnium
399 3955 517 4025 parens
530 3935 653 4026 patriae
668 3935 839 4026 appellate,
855 3938 981 4025 primus
1000 3934 1033 4004 in
1053 3944 1128 4028 toga
1144 3935 1347 4027 triumphum

239 4049 432 4142 linguaeque
451 4051 595 4122 lauream
612 4029 729 4148 merite.
754 4075 772 4119 u
874 4065 878 4073 ·

282 4171 349 4237 Has
366 4169 622 4240 constmotiones
646 4167 685 4237 ad
709 4187 857 4260 graecam
880 4167 1041 4258 syntaxim
1067 4169 1253 4240 referendas
1277 4189 1349 4240 esse

196 4281 199 4287 '
240 4281 355 4373 cuique
374 4293 519 4373 apparet.
545 4285 590 4355 cl.
613 4285 713 4375 Soph.
732 4284 815 4354 Phil.
841 4288 931 4354 76οε
954 4308 972 4352 «
995 4303 1024 4356 te
1039 4273 1199 4367 tuomum,
1215 4296 1349 4363 temnus

239 4407 302 4472 δῆτα
312 4407 356 4468 διὰ
365 4412 446 4468 πόνων
460 4417 542 4490 φανείς
556 4403 630 4490 (pl'0
638 4412 758 4478 δύστηνος
771 4431 805 4453 -··-·
814 4412 840 4478 ὃς
850 4411 968 4479 iterator
978 4403 1091 4491 ἐφάνηςι)
1104 4400 1238 4472 ΤῨΙρΟΟΓ.
1250 4401 1346 4484 XVII,

241 4517 283 4581 56
300 4532 308 4580 3
331 4554 346 4584 ι
360 4513 514 4608 Ὀλθιεκῶρε
524 4532 614 4608 picoto!
630 4551 644 4582 r
658 4518 732 4606 (pli)
752 4511 867 4605 oliam).
1326 4593 1328 4604 ³

284 4635 498 4708 Rarissimum
514 4643 564 4705 est
581 4631 667 4725 apud
685 4631 815 4740 Latinos
829 4632 909 4704 illud
923 4631 1147 4705 anacoluthiae
1160 4651 1276 4726 genus,
1291 4629 1349 4726 qui
