<?xml version="1.0" encoding="UTF-8"?>
<!DOCTYPE html PUBLIC "-//W3C//DTD XHTML 1.0 Transitional//EN"
    "http://www.w3.org/TR/xhtml1/DTD/xhtml1-transitional.dtd">
<html xmlns="http://www.w3.org/1999/xhtml" xml:lang="en" lang="en">
 <head>
  <title>
</title>
<meta http-equiv="Content-Type" content="text/html;charset=utf-8" />
  <meta name='ocr-system' content='tesseract 3.04.00' />
  <meta name='ocr-capabilities' content='ocr_page ocr_carea ocr_par ocr_line ocrx_word'/>
</head>
<body>
  <div class='ocr_page' id='page_1' title='image "./decasuumsyntaxi00antogoog_0085.png"; bbox 0 0 3528 5604; ppageno 0'>
   <div class='ocr_carea' id='block_1_1' title="bbox 943 651 1211 739">
    <p class='ocr_par' dir='ltr' id='par_1_1' title="bbox 943 651 1211 739">
     <span class='ocr_line' id='line_1_1' title="bbox 943 651 1211 739; baseline -0.004 0"><span class='ocrx_word' id='word_1_1' title='bbox 943 671 1115 739; x_wconf 80' lang='lat' dir='ltr'>-ro-</span> <span class='ocrx_word' id='word_1_2' title='bbox 1207 651 1211 658; x_wconf 74' lang='grc'><em>’</em></span> 
     </span>
    </p>
   </div>
   <div class='ocr_carea' id='block_1_2' title="bbox 475 850 1585 2553">
    <p class='ocr_par' dir='ltr' id='par_1_2' title="bbox 477 850 1585 1401">
     <span class='ocr_line' id='line_1_2' title="bbox 524 850 1583 936; baseline -0.005 -11"><span class='ocrx_word' id='word_1_3' title='bbox 524 853 569 924; x_wconf 79' lang='lat' dir='ltr'>Gi.</span> <span class='ocrx_word' id='word_1_4' title='bbox 586 853 648 925; x_wconf 78' lang='lat' dir='ltr'>Cio.</span> <span class='ocrx_word' id='word_1_5' title='bbox 668 851 750 924; x_wconf 83' lang='lat' dir='ltr'><strong>Phil.</strong></span> <span class='ocrx_word' id='word_1_6' title='bbox 765 854 792 936; x_wconf 86' lang='lat'>1,</span> <span class='ocrx_word' id='word_1_7' title='bbox 808 855 863 936; x_wconf 89' lang='lat' dir='ltr'>lt,</span> <span class='ocrx_word' id='word_1_8' title='bbox 879 857 921 922; x_wconf 77' lang='lat'>28</span> <span class='ocrx_word' id='word_1_9' title='bbox 959 875 977 918; x_wconf 80' lang='lat' dir='ltr'>n</span> <span class='ocrx_word' id='word_1_10' title='bbox 1006 871 1065 922; x_wconf 90' lang='lat' dir='ltr'>neo</span> <span class='ocrx_word' id='word_1_11' title='bbox 1080 850 1140 922; x_wconf 88' lang='lat' dir='ltr'>erit</span> <span class='ocrx_word' id='word_1_12' title='bbox 1156 850 1271 922; x_wconf 86' lang='lat' dir='ltr'>iustior</span> <span class='ocrx_word' id='word_1_13' title='bbox 1288 851 1322 922; x_wconf 88' lang='lat' dir='ltr'>in</span> <span class='ocrx_word' id='word_1_14' title='bbox 1340 857 1489 922; x_wconf 83' lang='lat' dir='ltr'>senatum</span> <span class='ocrx_word' id='word_1_15' title='bbox 1512 869 1583 922; x_wconf 88' lang='lat' dir='ltr'>non</span> 
     </span>
     <span class='ocr_line' id='line_1_3' title="bbox 480 965 1585 1058; baseline -0.005 -18"><span class='ocrx_word' id='word_1_16' title='bbox 480 967 627 1042; x_wconf 78' lang='lat' dir='ltr'>veniendi</span> <span class='ocrx_word' id='word_1_17' title='bbox 643 970 744 1038; x_wconf 80' lang='lat' dir='ltr'>morti</span> <span class='ocrx_word' id='word_1_18' title='bbox 761 986 974 1058; x_wconf 76' lang='lat' dir='ltr'>numnquam</span> <span class='ocrx_word' id='word_1_19' title='bbox 990 968 1111 1036; x_wconf 71' lang='lat' dir='ltr'>mortim</span> <span class='ocrx_word' id='word_1_20' title='bbox 1134 987 1152 1032; x_wconf 83' lang='lat' dir='ltr'>n</span> <span class='ocrx_word' id='word_1_21' title='bbox 1170 965 1210 1035; x_wconf 90' lang='lat' dir='ltr'>de</span> <span class='ocrx_word' id='word_1_22' title='bbox 1227 968 1282 1034; x_wconf 90' lang='lat' dir='ltr'>Or.</span> <span class='ocrx_word' id='word_1_23' title='bbox 1303 969 1345 1049; x_wconf 89' lang='lat' dir='ltr'>ll,</span> <span class='ocrx_word' id='word_1_24' title='bbox 1367 971 1421 1048; x_wconf 77' lang='grc'>05,</span> <span class='ocrx_word' id='word_1_25' title='bbox 1443 969 1484 1034; x_wconf 87' lang='grc'>63</span> <span class='ocrx_word' id='word_1_26' title='bbox 1504 988 1523 1032; x_wconf 85' lang='lat' dir='ltr'>n</span> <span class='ocrx_word' id='word_1_27' title='bbox 1541 975 1585 1034; x_wconf 92' lang='lat' dir='ltr'>ut</span> 
     </span>
     <span class='ocr_line' id='line_1_4' title="bbox 479 1080 1582 1176; baseline -0.008 -20"><span class='ocrx_word' id='word_1_28' title='bbox 479 1105 595 1156; x_wconf 69' lang='lat' dir='ltr'>mne</span> <span class='ocrx_word' id='word_1_29' title='bbox 610 1082 809 1176; x_wconf 75' lang='lat' dir='ltr'>explicentur</span> <span class='ocrx_word' id='word_1_30' title='bbox 827 1101 942 1152; x_wconf 91' lang='lat' dir='ltr'>omnes</span> <span class='ocrx_word' id='word_1_31' title='bbox 959 1080 1008 1152; x_wconf 89' lang='lat' dir='ltr'>vel</span> <span class='ocrx_word' id='word_1_32' title='bbox 1024 1101 1117 1150; x_wconf 80' lang='lat' dir='ltr'>eosne</span> <span class='ocrx_word' id='word_1_33' title='bbox 1135 1080 1185 1150; x_wconf 88' lang='lat' dir='ltr'>vel</span> <span class='ocrx_word' id='word_1_34' title='bbox 1201 1083 1373 1170; x_wconf 73' lang='lat' dir='ltr'><strong><em>sapientiae</em></strong></span> <span class='ocrx_word' id='word_1_35' title='bbox 1388 1080 1437 1151; x_wconf 81' lang='lat' dir='ltr'>vel</span> <span class='ocrx_word' id='word_1_36' title='bbox 1454 1082 1582 1150; x_wconf 74' lang='lat' dir='ltr'>tenni-</span> 
     </span>
     <span class='ocr_line' id='line_1_5' title="bbox 478 1195 1577 1288; baseline -0.005 -17"><span class='ocrx_word' id='word_1_37' title='bbox 478 1203 587 1271; x_wconf 83' lang='lat' dir='ltr'>tutit»</span> <span class='ocrx_word' id='word_1_38' title='bbox 606 1201 640 1288; x_wconf 78' lang='grc' dir='ltr'>(ι</span> <span class='ocrx_word' id='word_1_39' title='bbox 654 1205 763 1270; x_wconf 70' lang='lat' dir='ltr'>muns</span> <span class='ocrx_word' id='word_1_40' title='bbox 781 1197 830 1268; x_wconf 87' lang='lat' dir='ltr'>les</span> <span class='ocrx_word' id='word_1_41' title='bbox 843 1217 969 1280; x_wconf 80' lang='lat' dir='ltr'>nenses,</span> <span class='ocrx_word' id='word_1_42' title='bbox 993 1196 1136 1268; x_wconf 78' lang='lat' dir='ltr'>isavoir</span> <span class='ocrx_word' id='word_1_43' title='bbox 1154 1196 1184 1266; x_wconf 91' lang='lat' dir='ltr'>le</span> <span class='ocrx_word' id='word_1_44' title='bbox 1209 1195 1338 1280; x_wconf 83' lang='lat' dir='ltr'>hasard,</span> <span class='ocrx_word' id='word_1_45' title='bbox 1354 1197 1387 1266; x_wconf 91' lang='lat' dir='ltr'>la</span> <span class='ocrx_word' id='word_1_46' title='bbox 1398 1195 1577 1287; x_wconf 87' lang='lat' dir='ltr'>prudenee,</span> 
     </span>
     <span class='ocr_line' id='line_1_6' title="bbox 477 1312 1578 1401; baseline -0.006 -17"><span class='ocrx_word' id='word_1_47' title='bbox 477 1313 692 1385; x_wconf 74' lang='lat' dir='ltr'>l&#39;inelleuion.</span> <span class='ocrx_word' id='word_1_48' title='bbox 718 1315 749 1401; x_wconf 76' lang='grc' dir='ltr'>ι)</span> <span class='ocrx_word' id='word_1_49' title='bbox 759 1317 855 1383; x_wconf 73' lang='lat' dir='ltr'>tuso.</span> <span class='ocrx_word' id='word_1_50' title='bbox 876 1317 907 1396; x_wconf 87' lang='lat' dir='ltr'>i,</span> <span class='ocrx_word' id='word_1_51' title='bbox 922 1317 980 1396; x_wconf 59' lang='grc' dir='ltr'>π,</span> <span class='ocrx_word' id='word_1_52' title='bbox 995 1315 1038 1382; x_wconf 85' lang='lat' dir='ltr'>8&#39;l</span> <span class='ocrx_word' id='word_1_53' title='bbox 1066 1334 1088 1380; x_wconf 79' lang='lat' dir='ltr'>u</span> <span class='ocrx_word' id='word_1_54' title='bbox 1103 1312 1195 1384; x_wconf 89' lang='lat' dir='ltr'>tn&#39;ste</span> <span class='ocrx_word' id='word_1_55' title='bbox 1210 1324 1260 1382; x_wconf 89' lang='lat' dir='ltr'>est</span> <span class='ocrx_word' id='word_1_56' title='bbox 1275 1331 1386 1384; x_wconf 84' lang='lat' dir='ltr'>nmnnt</span> <span class='ocrx_word' id='word_1_57' title='bbox 1398 1313 1537 1381; x_wconf 78' lang='lat' dir='ltr'>cornui.</span> <span class='ocrx_word' id='word_1_58' title='bbox 1557 1334 1578 1378; x_wconf 90' lang='lat'>»</span> 
     </span>
    </p>

    <p class='ocr_par' dir='ltr' id='par_1_3' title="bbox 476 1427 1581 1865">
     <span class='ocr_line' id='line_1_7' title="bbox 519 1427 1579 1520; baseline -0.003 -23"><span class='ocrx_word' id='word_1_59' title='bbox 519 1427 689 1520; x_wconf 83' lang='lat' dir='ltr'>Vergilius,</span> <span class='ocrx_word' id='word_1_60' title='bbox 717 1427 800 1498; x_wconf 86' lang='lat' dir='ltr'>sieut</span> <span class='ocrx_word' id='word_1_61' title='bbox 825 1435 857 1498; x_wconf 92' lang='lat' dir='ltr'>et</span> <span class='ocrx_word' id='word_1_62' title='bbox 883 1427 1134 1518; x_wconf 84' lang='lat' dir='ltr'>eeleripnetae,</span> <span class='ocrx_word' id='word_1_63' title='bbox 1151 1428 1333 1520; x_wconf 73' lang='lat' dir='ltr'>genetivum</span> <span class='ocrx_word' id='word_1_64' title='bbox 1359 1427 1579 1519; x_wconf 86' lang='lat' dir='ltr'>appositivum</span> 
     </span>
     <span class='ocr_line' id='line_1_8' title="bbox 476 1542 1576 1634; baseline -0.003 -22"><span class='ocrx_word' id='word_1_65' title='bbox 476 1543 645 1614; x_wconf 93' lang='lat' dir='ltr'>nominum</span> <span class='ocrx_word' id='word_1_66' title='bbox 660 1542 877 1634; x_wconf 89' lang='lat' dir='ltr'>propriorum,</span> <span class='ocrx_word' id='word_1_67' title='bbox 893 1542 1024 1613; x_wconf 92' lang='lat' dir='ltr'>urbium</span> <span class='ocrx_word' id='word_1_68' title='bbox 1039 1542 1158 1614; x_wconf 82' lang='lat' dir='ltr'>seilicet</span> <span class='ocrx_word' id='word_1_69' title='bbox 1171 1552 1204 1613; x_wconf 88' lang='lat' dir='ltr'>et</span> <span class='ocrx_word' id='word_1_70' title='bbox 1218 1543 1377 1624; x_wconf 88' lang='lat' dir='ltr'>loonrum,</span> <span class='ocrx_word' id='word_1_71' title='bbox 1389 1542 1576 1623; x_wconf 86' lang='lat' dir='ltr'>fluminum,</span> 
     </span>
     <span class='ocr_line' id='line_1_9' title="bbox 476 1657 1581 1750; baseline 0 -22"><span class='ocrx_word' id='word_1_72' title='bbox 476 1659 634 1729; x_wconf 89' lang='lat' dir='ltr'>montium</span> <span class='ocrx_word' id='word_1_73' title='bbox 653 1667 713 1728; x_wconf 88' lang='lat' dir='ltr'>eto.</span> <span class='ocrx_word' id='word_1_74' title='bbox 733 1658 856 1730; x_wconf 91' lang='lat' dir='ltr'>nomini</span> <span class='ocrx_word' id='word_1_75' title='bbox 875 1657 1066 1749; x_wconf 83' lang='lat' dir='ltr'>appellativo</span> <span class='ocrx_word' id='word_1_76' title='bbox 1081 1658 1257 1750; x_wconf 82' lang='lat' dir='ltr'>subiungit,</span> <span class='ocrx_word' id='word_1_77' title='bbox 1278 1658 1335 1729; x_wconf 91' lang='lat' dir='ltr'>ubi</span> <span class='ocrx_word' id='word_1_78' title='bbox 1359 1657 1476 1729; x_wconf 90' lang='lat' dir='ltr'>solitus</span> <span class='ocrx_word' id='word_1_79' title='bbox 1497 1677 1581 1748; x_wconf 87' lang='lat' dir='ltr'>pro-</span> 
     </span>
     <span class='ocr_line' id='line_1_10' title="bbox 477 1773 1576 1865; baseline -0.003 -20"><span class='ocrx_word' id='word_1_80' title='bbox 477 1794 532 1845; x_wconf 85' lang='lat' dir='ltr'>sae</span> <span class='ocrx_word' id='word_1_81' title='bbox 553 1773 707 1845; x_wconf 91' lang='lat' dir='ltr'>orationis</span> <span class='ocrx_word' id='word_1_82' title='bbox 724 1795 804 1845; x_wconf 92' lang='lat' dir='ltr'>usus</span> <span class='ocrx_word' id='word_1_83' title='bbox 824 1773 974 1845; x_wconf 91' lang='lat' dir='ltr'>eumdem</span> <span class='ocrx_word' id='word_1_84' title='bbox 993 1795 1104 1844; x_wconf 91' lang='lat' dir='ltr'>oasum</span> <span class='ocrx_word' id='word_1_85' title='bbox 1124 1794 1182 1865; x_wconf 92' lang='lat' dir='ltr'>per</span> <span class='ocrx_word' id='word_1_86' title='bbox 1203 1774 1437 1865; x_wconf 88' lang='lat' dir='ltr'>appositionem</span> <span class='ocrx_word' id='word_1_87' title='bbox 1457 1773 1576 1864; x_wconf 83' lang='lat' dir='ltr'>poscit.</span> 
     </span>
    </p>

    <p class='ocr_par' dir='ltr' id='par_1_4' title="bbox 475 1886 1578 2553">
     <span class='ocr_line' id='line_1_11' title="bbox 518 1886 1577 1972; baseline -0.004 -14"><span class='ocrx_word' id='word_1_88' title='bbox 518 1892 554 1958; x_wconf 83' lang='lat' dir='ltr'>l.</span> <span class='ocrx_word' id='word_1_89' title='bbox 568 1893 594 1972; x_wconf 92' lang='lat'>1,</span> <span class='ocrx_word' id='word_1_90' title='bbox 615 1892 710 1959; x_wconf 75' lang='lat'>247«</span> <span class='ocrx_word' id='word_1_91' title='bbox 733 1887 792 1958; x_wconf 82' lang='lat' dir='ltr'>llio</span> <span class='ocrx_word' id='word_1_92' title='bbox 809 1897 916 1958; x_wconf 72' lang='lat' dir='ltr'>emen</span> <span class='ocrx_word' id='word_1_93' title='bbox 934 1886 988 1958; x_wconf 91' lang='lat' dir='ltr'>ille</span> <span class='ocrx_word' id='word_1_94' title='bbox 1009 1889 1117 1957; x_wconf 83' lang='lat' dir='ltr'>orden</span> <span class='ocrx_word' id='word_1_95' title='bbox 1144 1889 1258 1957; x_wconf 80' lang='lat' dir='ltr'>Potoni</span> <span class='ocrx_word' id='word_1_96' title='bbox 1272 1924 1313 1940; x_wconf 80' lang='lat'>-·</span> <span class='ocrx_word' id='word_1_97' title='bbox 1328 1887 1453 1958; x_wconf 86' lang='lat' dir='ltr'>looarit.</span> <span class='ocrx_word' id='word_1_98' title='bbox 1476 1913 1490 1949; x_wconf 74' lang='lat' dir='ltr'>t</span> <span class='ocrx_word' id='word_1_99' title='bbox 1510 1891 1577 1956; x_wconf 86' lang='grc'>555</span> 
     </span>
     <span class='ocr_line' id='line_1_12' title="bbox 477 2001 1578 2093; baseline -0.001 -25"><span class='ocrx_word' id='word_1_100' title='bbox 477 2029 492 2068; x_wconf 75' lang='grc' dir='ltr'>ι</span> <span class='ocrx_word' id='word_1_101' title='bbox 518 2001 592 2093; x_wconf 91' lang='lat' dir='ltr'>quis</span> <span class='ocrx_word' id='word_1_102' title='bbox 612 2003 722 2071; x_wconf 79' lang='lat' dir='ltr'>rrotoe</span> <span class='ocrx_word' id='word_1_103' title='bbox 746 2001 868 2074; x_wconf 86' lang='lat' dir='ltr'>neseiat</span> <span class='ocrx_word' id='word_1_104' title='bbox 884 2003 1017 2070; x_wconf 82' lang='lat' dir='ltr'>andem?</span> <span class='ocrx_word' id='word_1_105' title='bbox 1036 2025 1050 2063; x_wconf 75' lang='lat' dir='ltr'>s</span> <span class='ocrx_word' id='word_1_106' title='bbox 1071 2003 1128 2083; x_wconf 89' lang='lat' dir='ltr'>ill,</span> <span class='ocrx_word' id='word_1_107' title='bbox 1149 2005 1213 2071; x_wconf 77' lang='grc'>203</span> <span class='ocrx_word' id='word_1_108' title='bbox 1238 2029 1253 2067; x_wconf 81' lang='lat' dir='ltr'>n</span> <span class='ocrx_word' id='word_1_109' title='bbox 1277 2001 1400 2072; x_wconf 79' lang='lat' dir='ltr'>celsam</span> <span class='ocrx_word' id='word_1_110' title='bbox 1426 2003 1578 2070; x_wconf 75' lang='lat' dir='ltr'>Buthroti</span> 
     </span>
     <span class='ocr_line' id='line_1_13' title="bbox 475 2117 1574 2210; baseline -0.004 -21"><span class='ocrx_word' id='word_1_111' title='bbox 475 2117 655 2189; x_wconf 84' lang='lat' dir='ltr'>aooedimus</span> <span class='ocrx_word' id='word_1_112' title='bbox 669 2119 811 2186; x_wconf 73' lang='lat' dir='ltr'>nedem»</span> <span class='ocrx_word' id='word_1_113' title='bbox 828 2121 922 2186; x_wconf 86' lang='grc' dir='ltr'>35οα</span> <span class='ocrx_word' id='word_1_114' title='bbox 940 2119 1089 2187; x_wconf 75' lang='lat' dir='ltr'>tranem</span> <span class='ocrx_word' id='word_1_115' title='bbox 1102 2120 1221 2186; x_wconf 85' lang='lat' dir='ltr'>Xontlti</span> <span class='ocrx_word' id='word_1_116' title='bbox 1233 2118 1423 2210; x_wconf 76' lang='lat' dir='ltr'>cognomine</span> <span class='ocrx_word' id='word_1_117' title='bbox 1433 2117 1574 2186; x_wconf 78' lang='lat' dir='ltr'>rivum.»</span> 
     </span>
     <span class='ocr_line' id='line_1_14' title="bbox 475 2230 1578 2321; baseline 0 -21"><span class='ocrx_word' id='word_1_118' title='bbox 475 2234 511 2301; x_wconf 84' lang='lat' dir='ltr'>t.</span> <span class='ocrx_word' id='word_1_119' title='bbox 540 2236 581 2302; x_wconf 75' lang='lat'>52</span> <span class='ocrx_word' id='word_1_120' title='bbox 611 2257 626 2296; x_wconf 77' lang='lat' dir='ltr'>n</span> <span class='ocrx_word' id='word_1_121' title='bbox 649 2234 725 2301; x_wconf 81' lang='lat' dir='ltr'>orde</span> <span class='ocrx_word' id='word_1_122' title='bbox 748 2235 907 2320; x_wconf 75' lang='lat' dir='ltr'>arpenna</span> <span class='ocrx_word' id='word_1_123' title='bbox 931 2257 946 2294; x_wconf 76' lang='lat' dir='ltr'>n</span> <span class='ocrx_word' id='word_1_124' title='bbox 966 2233 1018 2314; x_wconf 84' lang='lat' dir='ltr'>vl,</span> <span class='ocrx_word' id='word_1_125' title='bbox 1048 2235 1111 2300; x_wconf 83' lang='lat'>657</span> <span class='ocrx_word' id='word_1_126' title='bbox 1139 2259 1153 2295; x_wconf 79' lang='grc' dir='ltr'><strong>α</strong></span> <span class='ocrx_word' id='word_1_127' title='bbox 1176 2230 1338 2302; x_wconf 86' lang='lat' dir='ltr'>Plurimus</span> <span class='ocrx_word' id='word_1_128' title='bbox 1360 2235 1499 2301; x_wconf 79' lang='lat' dir='ltr'>Eridani</span> <span class='ocrx_word' id='word_1_129' title='bbox 1516 2251 1578 2321; x_wconf 89' lang='lat' dir='ltr'>per</span> 
     </span>
     <span class='ocr_line' id='line_1_15' title="bbox 475 2345 1577 2428; baseline 0.002 -12"><span class='ocrx_word' id='word_1_130' title='bbox 475 2345 587 2416; x_wconf 86' lang='lat' dir='ltr'>siluam</span> <span class='ocrx_word' id='word_1_131' title='bbox 612 2345 750 2417; x_wconf 80' lang='lat' dir='ltr'>volvitur</span> <span class='ocrx_word' id='word_1_132' title='bbox 775 2350 924 2418; x_wconf 74' lang='lat' dir='ltr'>omnis.»</span> <span class='ocrx_word' id='word_1_133' title='bbox 953 2350 1020 2428; x_wconf 86' lang='lat' dir='ltr'>VII,</span> <span class='ocrx_word' id='word_1_134' title='bbox 1049 2351 1112 2415; x_wconf 87' lang='grc'>097</span> <span class='ocrx_word' id='word_1_135' title='bbox 1136 2375 1151 2410; x_wconf 85' lang='lat' dir='ltr'>n</span> <span class='ocrx_word' id='word_1_136' title='bbox 1175 2351 1213 2416; x_wconf 86' lang='lat' dir='ltr'>Et</span> <span class='ocrx_word' id='word_1_137' title='bbox 1238 2349 1355 2420; x_wconf 80' lang='lat' dir='ltr'>Cimini</span> <span class='ocrx_word' id='word_1_138' title='bbox 1380 2367 1454 2418; x_wconf 87' lang='lat' dir='ltr'>oum</span> <span class='ocrx_word' id='word_1_139' title='bbox 1472 2360 1577 2418; x_wconf 75' lang='lat' dir='ltr'>morde</span> 
     </span>
     <span class='ocr_line' id='line_1_16' title="bbox 475 2460 1574 2553; baseline -0.001 -22"><span class='ocrx_word' id='word_1_140' title='bbox 475 2463 591 2531; x_wconf 81' lang='lat' dir='ltr'>tomtm</span> <span class='ocrx_word' id='word_1_141' title='bbox 610 2465 704 2531; x_wconf 77' lang='lat' dir='ltr'>»tlt</span> <span class='ocrx_word' id='word_1_142' title='bbox 723 2487 738 2526; x_wconf 77' lang='lat' dir='ltr'>n</span> <span class='ocrx_word' id='word_1_143' title='bbox 756 2460 877 2532; x_wconf 91' lang='lat' dir='ltr'>llumen</span> <span class='ocrx_word' id='word_1_144' title='bbox 895 2460 1062 2530; x_wconf 78' lang='lat' dir='ltr'>Himellae.</span> <span class='ocrx_word' id='word_1_145' title='bbox 1084 2488 1099 2523; x_wconf 79' lang='lat' dir='ltr'>t</span> <span class='ocrx_word' id='word_1_146' title='bbox 1113 2465 1196 2544; x_wconf 87' lang='lat' dir='ltr'>Vlll,</span> <span class='ocrx_word' id='word_1_147' title='bbox 1213 2466 1307 2532; x_wconf 73' lang='lat'>597«</span> <span class='ocrx_word' id='word_1_148' title='bbox 1325 2464 1574 2553; x_wconf 72' lang='lat' dir='ltr'>propellendis</span> 
     </span>
    </p>
   </div>
   <div class='ocr_carea' id='block_1_3' title="bbox 375 2575 1573 2665">
    <p class='ocr_par' dir='ltr' id='par_1_5' title="bbox 375 2575 1573 2665">
     <span class='ocr_line' id='line_1_17' title="bbox 375 2575 1573 2665; baseline -0.003 -19"><span class='ocrx_word' id='word_1_149' title='bbox 375 2619 377 2624; x_wconf 93' lang='lat'>-</span> <span class='ocrx_word' id='word_1_150' title='bbox 473 2595 607 2646; x_wconf 78' lang='lat' dir='ltr'>manen.</span> <span class='ocrx_word' id='word_1_151' title='bbox 637 2577 727 2658; x_wconf 72' lang='lat' dir='ltr'>illl,</span> <span class='ocrx_word' id='word_1_152' title='bbox 751 2579 816 2645; x_wconf 70' lang='grc'>457</span> <span class='ocrx_word' id='word_1_153' title='bbox 839 2602 854 2640; x_wconf 78' lang='lat' dir='ltr'>n</span> <span class='ocrx_word' id='word_1_154' title='bbox 881 2575 1009 2665; x_wconf 88' lang='lat' dir='ltr'>piseoso</span> <span class='ocrx_word' id='word_1_155' title='bbox 1041 2596 1132 2646; x_wconf 81' lang='lat' dir='ltr'>amm</span> <span class='ocrx_word' id='word_1_156' title='bbox 1160 2578 1316 2647; x_wconf 83' lang='lat' dir='ltr'>Padusae.</span> <span class='ocrx_word' id='word_1_157' title='bbox 1341 2603 1356 2640; x_wconf 80' lang='lat' dir='ltr'>n</span> <span class='ocrx_word' id='word_1_158' title='bbox 1379 2580 1417 2646; x_wconf 80' lang='lat' dir='ltr'>(l.</span> <span class='ocrx_word' id='word_1_159' title='bbox 1446 2580 1503 2657; x_wconf 88' lang='grc' dir='ltr'>ΙΙΙ,</span> <span class='ocrx_word' id='word_1_160' title='bbox 1529 2577 1573 2646; x_wconf 84' lang='grc'>38</span> 
     </span>
    </p>
   </div>
   <div class='ocr_carea' id='block_1_4' title="bbox 472 2692 1571 3820">
    <p class='ocr_par' dir='ltr' id='par_1_6' title="bbox 473 2692 1136 2783">
     <span class='ocr_line' id='line_1_18' title="bbox 473 2692 1136 2783; baseline -0.012 -21"><span class='ocrx_word' id='word_1_161' title='bbox 473 2692 665 2783; x_wconf 76' lang='lat' dir='ltr'>Annenque</span> <span class='ocrx_word' id='word_1_162' title='bbox 684 2710 832 2762; x_wconf 80' lang='lat' dir='ltr'>severum</span> <span class='ocrx_word' id='word_1_163' title='bbox 845 2694 951 2780; x_wconf 76' lang='lat' dir='ltr'>Goeyd</span> <span class='ocrx_word' id='word_1_164' title='bbox 963 2699 1095 2762; x_wconf 91' lang='lat' dir='ltr'>metuet.</span> <span class='ocrx_word' id='word_1_165' title='bbox 1121 2718 1136 2755; x_wconf 74' lang='lat' dir='ltr'>t&gt;</span> 
     </span>
    </p>

    <p class='ocr_par' dir='ltr' id='par_1_7' title="bbox 472 2806 1571 3108">
     <span class='ocr_line' id='line_1_19' title="bbox 517 2806 1570 2904; baseline -0.006 -26"><span class='ocrx_word' id='word_1_166' title='bbox 517 2806 580 2878; x_wconf 78' lang='lat' dir='ltr'>Sed</span> <span class='ocrx_word' id='word_1_167' title='bbox 597 2827 656 2898; x_wconf 91' lang='lat' dir='ltr'>per</span> <span class='ocrx_word' id='word_1_168' title='bbox 684 2806 917 2898; x_wconf 87' lang='lat' dir='ltr'>appositionem</span> <span class='ocrx_word' id='word_1_169' title='bbox 940 2810 975 2876; x_wconf 85' lang='lat' dir='ltr'>ll.</span> <span class='ocrx_word' id='word_1_170' title='bbox 1005 2811 1074 2891; x_wconf 87' lang='lat' dir='ltr'>llll,</span> <span class='ocrx_word' id='word_1_171' title='bbox 1094 2811 1158 2877; x_wconf 76' lang='lat' dir='ltr'>tta</span> <span class='ocrx_word' id='word_1_172' title='bbox 1182 2835 1197 2872; x_wconf 74' lang='lat' dir='ltr'>a</span> <span class='ocrx_word' id='word_1_173' title='bbox 1220 2813 1356 2904; x_wconf 79' lang='lat' dir='ltr'>Mentem</span> <span class='ocrx_word' id='word_1_174' title='bbox 1374 2813 1530 2879; x_wconf 80' lang='lat' dir='ltr'>Severom</span> <span class='ocrx_word' id='word_1_175' title='bbox 1555 2833 1570 2871; x_wconf 82' lang='lat' dir='ltr'>n</span> 
     </span>
     <span class='ocr_line' id='line_1_20' title="bbox 473 2917 1571 3015; baseline 0 -22"><span class='ocrx_word' id='word_1_176' title='bbox 473 2917 511 3007; x_wconf 76' lang='lat' dir='ltr'>X,</span> <span class='ocrx_word' id='word_1_177' title='bbox 537 2928 635 2994; x_wconf 72' lang='lat' dir='ltr'>loen</span> <span class='ocrx_word' id='word_1_178' title='bbox 659 2922 714 3015; x_wconf 86' lang='lat' dir='ltr'>qui</span> <span class='ocrx_word' id='word_1_179' title='bbox 731 2925 839 2994; x_wconf 84' lang='lat' dir='ltr'>orben</span> <span class='ocrx_word' id='word_1_180' title='bbox 856 2921 979 3013; x_wconf 91' lang='lat' dir='ltr'>liquere</span> <span class='ocrx_word' id='word_1_181' title='bbox 997 2925 1103 2994; x_wconf 83' lang='lat' dir='ltr'>Cosas.</span> <span class='ocrx_word' id='word_1_182' title='bbox 1130 2927 1217 3007; x_wconf 75' lang='lat' dir='ltr'>alil,</span> <span class='ocrx_word' id='word_1_183' title='bbox 1238 2928 1302 2995; x_wconf 80' lang='lat' dir='ltr'>loe</span> <span class='ocrx_word' id='word_1_184' title='bbox 1322 2953 1338 2990; x_wconf 77' lang='lat' dir='ltr'>o</span> <span class='ocrx_word' id='word_1_185' title='bbox 1360 2927 1468 2996; x_wconf 74' lang='lat' dir='ltr'>Amnis</span> <span class='ocrx_word' id='word_1_186' title='bbox 1482 2927 1571 3013; x_wconf 71' lang='lat' dir='ltr'>nlnt-</span> 
     </span>
     <span class='ocr_line' id='line_1_21' title="bbox 472 3039 580 3108; baseline -0.046 0"><span class='ocrx_word' id='word_1_187' title='bbox 472 3039 580 3108; x_wconf 75' lang='lat' dir='ltr'>dett.»</span> 
     </span>
    </p>

    <p class='ocr_par' dir='ltr' id='par_1_8' title="bbox 472 3153 1570 3573">
     <span class='ocr_line' id='line_1_22' title="bbox 515 3153 1567 3245; baseline 0.003 -22"><span class='ocrx_word' id='word_1_188' title='bbox 515 3153 560 3224; x_wconf 84' lang='lat' dir='ltr'>Cl.</span> <span class='ocrx_word' id='word_1_189' title='bbox 582 3154 644 3226; x_wconf 83' lang='lat' dir='ltr'>Cio.</span> <span class='ocrx_word' id='word_1_190' title='bbox 664 3157 727 3225; x_wconf 81' lang='lat' dir='ltr'>ntt.</span> <span class='ocrx_word' id='word_1_191' title='bbox 753 3158 790 3238; x_wconf 89' lang='lat' dir='ltr'>V,</span> <span class='ocrx_word' id='word_1_192' title='bbox 817 3159 870 3237; x_wconf 88' lang='lat' dir='ltr'>l8,</span> <span class='ocrx_word' id='word_1_193' title='bbox 892 3159 905 3222; x_wconf 93' lang='lat' dir='ltr'>l</span> <span class='ocrx_word' id='word_1_194' title='bbox 931 3181 946 3218; x_wconf 85' lang='lat' dir='ltr'>u</span> <span class='ocrx_word' id='word_1_195' title='bbox 968 3156 1124 3245; x_wconf 78' lang='lat' dir='ltr'>Oppidum</span> <span class='ocrx_word' id='word_1_196' title='bbox 1146 3157 1337 3225; x_wconf 79' lang='lat' dir='ltr'>Antioohiae.</span> <span class='ocrx_word' id='word_1_197' title='bbox 1363 3157 1463 3227; x_wconf 72' lang='lat' dir='ltr'>»Lim</span> <span class='ocrx_word' id='word_1_198' title='bbox 1484 3158 1567 3238; x_wconf 83' lang='lat' dir='ltr'>titt,</span> 
     </span>
     <span class='ocr_line' id='line_1_23' title="bbox 474 3271 1570 3362; baseline 0.003 -25"><span class='ocrx_word' id='word_1_199' title='bbox 474 3274 546 3339; x_wconf 80' lang='lat' dir='ltr'>tt«</span> <span class='ocrx_word' id='word_1_200' title='bbox 567 3271 702 3340; x_wconf 81' lang='lat' dir='ltr'>Asturae</span> <span class='ocrx_word' id='word_1_201' title='bbox 714 3273 841 3359; x_wconf 75' lang='lat' dir='ltr'>domem.</span> <span class='ocrx_word' id='word_1_202' title='bbox 863 3272 999 3352; x_wconf 71' lang='lat' dir='ltr'>stult,</span> <span class='ocrx_word' id='word_1_203' title='bbox 1017 3275 1058 3340; x_wconf 85' lang='lat' dir='ltr'>tn</span> <span class='ocrx_word' id='word_1_204' title='bbox 1074 3297 1088 3335; x_wconf 86' lang='lat' dir='ltr'>n</span> <span class='ocrx_word' id='word_1_205' title='bbox 1109 3272 1351 3341; x_wconf 78' lang='lat' dir='ltr'>loonmloerni.</span> <span class='ocrx_word' id='word_1_206' title='bbox 1372 3277 1447 3342; x_wconf 84' lang='grc'>»35</span> <span class='ocrx_word' id='word_1_207' title='bbox 1464 3301 1478 3337; x_wconf 80' lang='lat' dir='ltr'>n</span> <span class='ocrx_word' id='word_1_208' title='bbox 1493 3291 1570 3362; x_wconf 79' lang='lat' dir='ltr'>pno-</span> 
     </span>
     <span class='ocr_line' id='line_1_24' title="bbox 472 3386 1570 3478; baseline 0.001 -23"><span class='ocrx_word' id='word_1_209' title='bbox 472 3387 662 3456; x_wconf 76' lang='lat' dir='ltr'>montorium</span> <span class='ocrx_word' id='word_1_210' title='bbox 687 3386 841 3474; x_wconf 78' lang='lat' dir='ltr'>Poodpni.</span> <span class='ocrx_word' id='word_1_211' title='bbox 877 3411 892 3447; x_wconf 79' lang='lat' dir='ltr'>o</span> <span class='ocrx_word' id='word_1_212' title='bbox 921 3390 994 3456; x_wconf 87' lang='lat' dir='ltr'>Tae.</span> <span class='ocrx_word' id='word_1_213' title='bbox 1021 3389 1112 3456; x_wconf 55' lang='lat' dir='ltr'>dnn(</span> <span class='ocrx_word' id='word_1_214' title='bbox 1132 3391 1183 3469; x_wconf 86' lang='lat' dir='ltr'>vl,</span> <span class='ocrx_word' id='word_1_215' title='bbox 1216 3392 1257 3456; x_wconf 89' lang='grc'>50</span> <span class='ocrx_word' id='word_1_216' title='bbox 1283 3388 1570 3478; x_wconf 70' lang='lat' dir='ltr'>«promontorium</span> 
     </span>
     <span class='ocr_line' id='line_1_25' title="bbox 472 3502 634 3573; baseline -0.012 -1"><span class='ocrx_word' id='word_1_217' title='bbox 472 3502 596 3573; x_wconf 77' lang='lat' dir='ltr'>Miseni.</span> <span class='ocrx_word' id='word_1_218' title='bbox 618 3527 634 3564; x_wconf 87' lang='lat' dir='ltr'>n</span> 
     </span>
    </p>

    <p class='ocr_par' dir='ltr' id='par_1_9' title="bbox 472 3613 1567 3820">
     <span class='ocr_line' id='line_1_26' title="bbox 515 3613 1567 3708; baseline -0.001 -24"><span class='ocrx_word' id='word_1_219' title='bbox 515 3617 586 3684; x_wconf 86' lang='lat' dir='ltr'>Iino</span> <span class='ocrx_word' id='word_1_220' title='bbox 609 3613 746 3704; x_wconf 84' lang='lat' dir='ltr'>pertinet</span> <span class='ocrx_word' id='word_1_221' title='bbox 759 3633 798 3685; x_wconf 89' lang='lat' dir='ltr'>ea</span> <span class='ocrx_word' id='word_1_222' title='bbox 815 3614 1008 3686; x_wconf 87' lang='lat' dir='ltr'>nonstruotio</span> <span class='ocrx_word' id='word_1_223' title='bbox 1024 3635 1123 3705; x_wconf 83' lang='lat' dir='ltr'>quam</span> <span class='ocrx_word' id='word_1_224' title='bbox 1137 3624 1261 3706; x_wconf 89' lang='lat' dir='ltr'>poetae,</span> <span class='ocrx_word' id='word_1_225' title='bbox 1278 3613 1436 3708; x_wconf 83' lang='lat' dir='ltr'>Vergilius</span> <span class='ocrx_word' id='word_1_226' title='bbox 1455 3615 1567 3706; x_wconf 84' lang='lat' dir='ltr'>impti-</span> 
     </span>
     <span class='ocr_line' id='line_1_27' title="bbox 472 3728 1567 3820; baseline -0.001 -20"><span class='ocrx_word' id='word_1_227' title='bbox 472 3729 546 3814; x_wconf 85' lang='lat' dir='ltr'>mis,</span> <span class='ocrx_word' id='word_1_228' title='bbox 561 3728 771 3802; x_wconf 81' lang='lat' dir='ltr'>lihentissime</span> <span class='ocrx_word' id='word_1_229' title='bbox 788 3737 958 3820; x_wconf 89' lang='lat' dir='ltr'>usurpant.</span> <span class='ocrx_word' id='word_1_230' title='bbox 979 3757 993 3794; x_wconf 80' lang='lat' dir='ltr'>n</span> <span class='ocrx_word' id='word_1_231' title='bbox 1017 3729 1217 3801; x_wconf 82' lang='lat' dir='ltr'>Abstraotum</span> <span class='ocrx_word' id='word_1_232' title='bbox 1234 3751 1351 3801; x_wconf 90' lang='lat' dir='ltr'>nomen</span> <span class='ocrx_word' id='word_1_233' title='bbox 1369 3740 1401 3800; x_wconf 89' lang='lat' dir='ltr'>et</span> <span class='ocrx_word' id='word_1_234' title='bbox 1418 3729 1567 3800; x_wconf 84' lang='lat' dir='ltr'>indefini-</span> 
     </span>
    </p>
   </div>
   <div class='ocr_carea' id='block_1_5' title="bbox 471 3844 1568 4046">
    <p class='ocr_par' dir='ltr' id='par_1_10' title="bbox 471 3844 1568 4046">
     <span class='ocr_line' id='line_1_28' title="bbox 471 3844 1568 3936; baseline 0.001 -21"><span class='ocrx_word' id='word_1_235' title='bbox 471 3854 541 3916; x_wconf 84' lang='lat' dir='ltr'>tum</span> <span class='ocrx_word' id='word_1_236' title='bbox 559 3863 633 3918; x_wconf 88' lang='lat' dir='ltr'>eum</span> <span class='ocrx_word' id='word_1_237' title='bbox 658 3853 807 3917; x_wconf 89' lang='lat' dir='ltr'>oonoreto</span> <span class='ocrx_word' id='word_1_238' title='bbox 827 3865 885 3935; x_wconf 88' lang='lat' dir='ltr'>per</span> <span class='ocrx_word' id='word_1_239' title='bbox 900 3845 1082 3936; x_wconf 71' lang='lat' dir='ltr'>genetivum</span> <span class='ocrx_word' id='word_1_240' title='bbox 1109 3845 1268 3916; x_wconf 89' lang='lat' dir='ltr'>artissime</span> <span class='ocrx_word' id='word_1_241' title='bbox 1289 3846 1498 3936; x_wconf 77' lang='lat' dir='ltr'>coniungunt,</span> <span class='ocrx_word' id='word_1_242' title='bbox 1523 3844 1568 3916; x_wconf 88' lang='lat' dir='ltr'>ita</span> 
     </span>
     <span class='ocr_line' id='line_1_29' title="bbox 471 3952 1566 4046; baseline 0 -21"><span class='ocrx_word' id='word_1_243' title='bbox 471 3952 556 4025; x_wconf 92' lang='lat' dir='ltr'>utin</span> <span class='ocrx_word' id='word_1_244' title='bbox 573 3973 675 4024; x_wconf 85' lang='lat' dir='ltr'>unum</span> <span class='ocrx_word' id='word_1_245' title='bbox 692 3952 785 4044; x_wconf 88' lang='lat' dir='ltr'>quasi</span> <span class='ocrx_word' id='word_1_246' title='bbox 804 3972 922 4042; x_wconf 86' lang='lat' dir='ltr'>eorpus</span> <span class='ocrx_word' id='word_1_247' title='bbox 941 3952 1005 4022; x_wconf 91' lang='lat' dir='ltr'>duo</span> <span class='ocrx_word' id='word_1_248' title='bbox 1028 3953 1160 4023; x_wconf 89' lang='lat' dir='ltr'>nomina</span> <span class='ocrx_word' id='word_1_249' title='bbox 1173 3953 1391 4024; x_wconf 69' lang='lat' dir='ltr'>tondentur.»</span> <span class='ocrx_word' id='word_1_250' title='bbox 1407 3953 1566 4046; x_wconf 67' lang='lat' dir='ltr'>(ebeling,</span> 
     </span>
    </p>
   </div>
   <div class='ocr_carea' id='block_1_6' title="bbox 469 4065 1565 4732">
    <p class='ocr_par' dir='ltr' id='par_1_11' title="bbox 469 4065 1565 4732">
     <span class='ocr_line' id='line_1_30' title="bbox 472 4065 1564 4159; baseline 0 -19"><span class='ocrx_word' id='word_1_251' title='bbox 472 4069 512 4140; x_wconf 90' lang='lat' dir='ltr'>de</span> <span class='ocrx_word' id='word_1_252' title='bbox 524 4089 658 4141; x_wconf 89' lang='lat' dir='ltr'>oasuum</span> <span class='ocrx_word' id='word_1_253' title='bbox 672 4088 735 4140; x_wconf 95' lang='lat' dir='ltr'>usu</span> <span class='ocrx_word' id='word_1_254' title='bbox 751 4067 936 4150; x_wconf 88' lang='lat' dir='ltr'>Horatiano,</span> <span class='ocrx_word' id='word_1_255' title='bbox 953 4088 993 4138; x_wconf 85' lang='lat' dir='ltr'>eu</span> <span class='ocrx_word' id='word_1_256' title='bbox 1011 4065 1203 4140; x_wconf 71' lang='lat' dir='ltr'>Garokio&#39;ad</span> <span class='ocrx_word' id='word_1_257' title='bbox 1220 4071 1298 4139; x_wconf 82' lang='lat' dir='ltr'>llor.</span> <span class='ocrx_word' id='word_1_258' title='bbox 1320 4068 1381 4142; x_wconf 84' lang='lat' dir='ltr'>od.</span> <span class='ocrx_word' id='word_1_259' title='bbox 1400 4071 1427 4140; x_wconf 84' lang='grc' dir='ltr'>Ι.</span> <span class='ocrx_word' id='word_1_260' title='bbox 1442 4073 1500 4152; x_wconf 70' lang='lat'>23,</span> <span class='ocrx_word' id='word_1_261' title='bbox 1517 4073 1564 4159; x_wconf 87' lang='grc'>5).</span> 
     </span>
     <span class='ocr_line' id='line_1_31' title="bbox 471 4184 1564 4274; baseline -0.006 -18"><span class='ocrx_word' id='word_1_262' title='bbox 471 4188 507 4256; x_wconf 77' lang='lat' dir='ltr'>d.</span> <span class='ocrx_word' id='word_1_263' title='bbox 525 4188 568 4269; x_wconf 85' lang='grc' dir='ltr'>ΙΙ,</span> <span class='ocrx_word' id='word_1_264' title='bbox 592 4191 634 4254; x_wconf 87' lang='lat' dir='ltr'>l9</span> <span class='ocrx_word' id='word_1_265' title='bbox 653 4213 668 4251; x_wconf 81' lang='lat' dir='ltr'>t</span> <span class='ocrx_word' id='word_1_266' title='bbox 690 4189 760 4256; x_wconf 82' lang='lat' dir='ltr'>lino</span> <span class='ocrx_word' id='word_1_267' title='bbox 778 4185 900 4256; x_wconf 82' lang='lat' dir='ltr'>delecta</span> <span class='ocrx_word' id='word_1_268' title='bbox 918 4188 1028 4256; x_wconf 80' lang='lat' dir='ltr'>ninom</span> <span class='ocrx_word' id='word_1_269' title='bbox 1053 4205 1185 4274; x_wconf 82' lang='lat' dir='ltr'>corporo</span> <span class='ocrx_word' id='word_1_270' title='bbox 1209 4184 1319 4259; x_wconf 84' lang='lat' dir='ltr'>luttim</span> <span class='ocrx_word' id='word_1_271' title='bbox 1340 4186 1519 4257; x_wconf 82' lang='lat' dir='ltr'>includunt.</span> <span class='ocrx_word' id='word_1_272' title='bbox 1550 4214 1564 4249; x_wconf 78' lang='lat' dir='ltr'>n</span> 
     </span>
     <span class='ocr_line' id='line_1_32' title="bbox 472 4291 1565 4390; baseline 0.005 -26"><span class='ocrx_word' id='word_1_273' title='bbox 472 4325 488 4364; x_wconf 83' lang='lat' dir='ltr'>n</span> <span class='ocrx_word' id='word_1_274' title='bbox 509 4301 823 4389; x_wconf 69' lang='lat' dir='ltr'>enmnaonon=</span> <span class='ocrx_word' id='word_1_275' title='bbox 838 4299 908 4369; x_wconf 81' lang='lat' dir='ltr'>uiri.</span> <span class='ocrx_word' id='word_1_276' title='bbox 930 4303 1028 4382; x_wconf 75' lang='lat' dir='ltr'>tull,</span> <span class='ocrx_word' id='word_1_277' title='bbox 1049 4303 1089 4368; x_wconf 91' lang='lat' dir='ltr'>l8</span> <span class='ocrx_word' id='word_1_278' title='bbox 1104 4327 1119 4364; x_wconf 80' lang='lat' dir='ltr'>n</span> <span class='ocrx_word' id='word_1_279' title='bbox 1136 4291 1258 4386; x_wconf 71' lang='lat' dir='ltr'>formae</span> <span class='ocrx_word' id='word_1_280' title='bbox 1272 4321 1460 4390; x_wconf 80' lang='lat' dir='ltr'>mopnorntn</span> <span class='ocrx_word' id='word_1_281' title='bbox 1477 4303 1565 4390; x_wconf 83' lang='lat' dir='ltr'>lnpo-</span> 
     </span>
     <span class='ocr_line' id='line_1_33' title="bbox 469 4413 1564 4507; baseline 0.001 -22"><span class='ocrx_word' id='word_1_282' title='bbox 469 4435 544 4485; x_wconf 85' lang='lat' dir='ltr'>ron</span> <span class='ocrx_word' id='word_1_283' title='bbox 561 4441 577 4478; x_wconf 78' lang='lat' dir='ltr'>n</span> <span class='ocrx_word' id='word_1_284' title='bbox 592 4415 753 4507; x_wconf 82' lang='lat' dir='ltr'>=magni</span> <span class='ocrx_word' id='word_1_285' title='bbox 767 4415 846 4506; x_wconf 88' lang='lat' dir='ltr'>lupi,</span> <span class='ocrx_word' id='word_1_286' title='bbox 863 4423 923 4486; x_wconf 88' lang='lat' dir='ltr'>eto.</span> <span class='ocrx_word' id='word_1_287' title='bbox 939 4413 1088 4485; x_wconf 84' lang='lat' dir='ltr'>Nonnihil</span> <span class='ocrx_word' id='word_1_288' title='bbox 1107 4434 1182 4486; x_wconf 80' lang='lat' dir='ltr'>vero</span> <span class='ocrx_word' id='word_1_289' title='bbox 1210 4414 1398 4507; x_wconf 76' lang='lat' dir='ltr'>significatio</span> <span class='ocrx_word' id='word_1_290' title='bbox 1414 4414 1564 4488; x_wconf 91' lang='lat' dir='ltr'>immuta-</span> 
     </span>
     <span class='ocr_line' id='line_1_34' title="bbox 470 4527 1564 4621; baseline 0.003 -24"><span class='ocrx_word' id='word_1_291' title='bbox 470 4536 534 4597; x_wconf 85' lang='lat' dir='ltr'>tur.</span> <span class='ocrx_word' id='word_1_292' title='bbox 566 4527 658 4598; x_wconf 80' lang='lat' dir='ltr'>Notio</span> <span class='ocrx_word' id='word_1_293' title='bbox 689 4528 774 4598; x_wconf 91' lang='lat' dir='ltr'>enim</span> <span class='ocrx_word' id='word_1_294' title='bbox 802 4547 863 4618; x_wconf 89' lang='lat' dir='ltr'>por</span> <span class='ocrx_word' id='word_1_295' title='bbox 893 4527 1105 4618; x_wconf 82' lang='lat' dir='ltr'>periphrasim</span> <span class='ocrx_word' id='word_1_296' title='bbox 1129 4528 1263 4619; x_wconf 84' lang='lat' dir='ltr'>aliquid</span> <span class='ocrx_word' id='word_1_297' title='bbox 1277 4528 1508 4621; x_wconf 81' lang='lat' dir='ltr'>magnitudinis</span> <span class='ocrx_word' id='word_1_298' title='bbox 1533 4540 1564 4600; x_wconf 73' lang='lat' dir='ltr'>m</span> 
     </span>
     <span class='ocr_line' id='line_1_35' title="bbox 470 4638 1563 4732; baseline 0.005 -23"><span class='ocrx_word' id='word_1_299' title='bbox 470 4638 689 4729; x_wconf 89' lang='lat' dir='ltr'>amplitudinis</span> <span class='ocrx_word' id='word_1_300' title='bbox 719 4640 864 4731; x_wconf 83' lang='lat' dir='ltr'>anquirit.</span> <span class='ocrx_word' id='word_1_301' title='bbox 898 4639 943 4710; x_wconf 84' lang='lat' dir='ltr'>Cl.</span> <span class='ocrx_word' id='word_1_302' title='bbox 965 4639 1000 4710; x_wconf 82' lang='lat' dir='ltr'>in</span> <span class='ocrx_word' id='word_1_303' title='bbox 1022 4638 1163 4711; x_wconf 89' lang='lat' dir='ltr'>Bennisti</span> <span class='ocrx_word' id='word_1_304' title='bbox 1192 4645 1290 4730; x_wconf 80' lang='lat' dir='ltr'>parua</span> <span class='ocrx_word' id='word_1_305' title='bbox 1311 4645 1405 4732; x_wconf 79' lang='lat' dir='ltr'>larg.</span> <span class='ocrx_word' id='word_1_306' title='bbox 1422 4641 1563 4716; x_wconf 78' lang='lat' dir='ltr'>editione</span> 
     </span>
    </p>
   </div>
   <div class='ocr_carea' id='block_1_7' title="bbox 0 0 1768 5604">
    <p class='ocr_par' dir='ltr' id='par_1_12' title="bbox 0 0 1768 5604">
     <span class='ocr_line' id='line_1_36' title="bbox 0 0 1768 5604; baseline 0 4"><span class='ocrx_word' id='word_1_307' title='bbox 0 0 1768 5604; x_wconf 95' lang='lat' dir='ltr'> </span> 
     </span>
    </p>
   </div>
  </div>
 </body>
</html>
