3528 5604
708 1822 1028 1884 nn-Nonlnlunlvo
1047 1823 1095 1880 ET
1114 1821 1313 1883 VOOATIVO

437 2301 441 2308 Ι
505 2219 729 2288 Nomiucltccs
743 2226 793 2290 est
806 2237 901 2287 casus
914 2219 1044 2286 scolam·
1056 2225 1088 2288 et
1101 2217 1221 2298 inclicat
1234 2215 1424 2286 relationem
1438 2211 1574 2284 subiecti

464 2333 504 2403 ad
522 2334 754 2425 praedicatum.
774 2331 1008 2424 congruentiae
1032 2331 1158 2424 legibus
1183 2331 1410 2402 convenienter
1436 2329 1575 2400 attribu-

463 2463 546 2534 tum,
563 2450 631 2519 sive
645 2449 837 2520 adiectivum
857 2449 924 2518 sive
952 2447 1203 2530 substantivum,
1221 2456 1253 2517 et
1268 2447 1488 2538 praedicatum
1508 2446 1576 2516 sive

461 2561 656 2636 'adiectivum
676 2565 743 2634 sire
762 2564 999 2634 substantivum
1019 2584 1102 2655 quae
1118 2564 1157 2633 arl
1177 2563 1359 2634 subiectum
1377 2563 1573 2644 referuntur,
1592 2571 1595 2580 ’

464 2700 541 2751 casu
556 2680 753 2751 nominativo
769 2675 955 2770 ponuntur(
977 2675 983 2683 ’

509 2801 585 2867 Post
596 2805 704 2866 autem
719 2795 817 2866 verba
829 2796 979 2864 sentiendi
992 2803 1024 2865 et
1040 2797 1162 2864 dicendi
1174 2795 1277 2866 activo
1291 2813 1409 2886 genere
1421 2802 1576 2884 usurpata

466 2912 666 2982 accusativus
686 2933 760 2982 cum
778 2909 937 2982 infinitivo
956 2901 1033 3002 poni
1053 2912 1145 2994 solet,
1168 2919 1199 2981 et
1217 2910 1408 2981 attributum
1428 2909 1575 2980 infinitivi

466 3047 540 3098 cum
560 3026 704 3100 subiecto
727 3047 909 3119 congruens
933 3027 966 3096 in
989 3026 1170 3096 accusativo
1198 3025 1421 3096 construitur:
1449 3027 1576 3094 Dicebat

362 3232 364 3237 .
466 3163 496 3211 se
507 3165 568 3212 esse
582 3145 716 3213 tectum.
735 3143 901 3213 Invenitur
919 3138 1027 3213 tamen
1042 3142 1128 3233 apud
1139 3141 1314 3233 Vergilium
1327 3161 1365 3212 ea
1381 3140 1575 3212 constructio

468 3257 501 3326 in
528 3277 603 3347 qua,
623 3257 680 3327 uhi
698 3257 784 3326 idem
803 3265 852 3327 est
870 3255 1052 3326 subiectum
1078 3255 1227 3325 inlinitivi
1255 3265 1286 3326 et
1314 3255 1403 3325 verbi
1422 3256 1574 3348 regentis,

469 3373 649 3443 accusativo
664 3372 798 3454 omisso,
820 3371 910 3442 solus
937 3371 1114 3440 inlinitivus
1140 3372 1281 3455 additur,
1303 3380 1335 3442 et
1358 3371 1576 3463 praedicatum

469 3485 618 3557 infinitivi
633 3506 711 3556 casu
728 3485 925 3557 nominativo
942 3485 1085 3577 ponitur.
1113 3486 1206 3567 Quod
1226 3486 1358 3579 quidem
1378 3486 1415 3556 fit
1432 3486 1528 3557 etiam
1545 3485 1576 3556 in

470 3620 568 3692 prosa
593 3601 750 3684 oratione,
781 3601 838 3670 sed
857 3621 931 3671 cum
952 3600 1030 3672 solis
1050 3599 1156 3671 verbis
1174 3605 1295 3671 colendi
1314 3610 1346 3673 et
1362 3604 1518 3691 cupiendi.
1536 3606 1578 3670 Ea

470 3717 557 3788 enim
571 3737 645 3786 cum
655 3715 762 3786 verbis
773 3719 924 3785 sentiendi
935 3724 967 3786 et
980 3719 1165 3786 declarandi
1179 3718 1329 3788 infinitivi
1342 3739 1417 3788 cum
1433 3717 1577 3788 nomina-

470 3831 535 3903 tivo
549 3831 744 3903 constructio
770 3840 940 3922 poetarum
957 3841 1006 3902 est
1022 3841 1053 3902 et
1072 3853 1130 3921 per
1148 3833 1363 3923 graecismum
1378 3833 1575 3924 explicanda.

472 3948 583 4018 Graeci
611 3948 697 4017 enim
715 3947 847 4017 dicunt:
880 3935 905 4006 ‘0
920 3951 1078 4030 Ἀλεξανδρος
1096 3955 1199 4030 ἔφασκεν
1212 3950 1277 4010 εἶναι
1295 3957 1352 4020 Διὸς
1376 3935 1443 4020 ‘vale
1467 3949 1518 4018 Sic
1549 3958 1578 4018 et

471 4061 630 4153 Vergilius
643 4081 790 4153 graecam
806 4061 1079 4132 constructionem
1094 4061 1238 4132 imitatus
1253 4068 1288 4132 Α.
1309 4068 1351 4133 ll.
1369 4069 1433 4132 337
1443 4088 1450 4133 :
1469 4086 1486 4130 «
1503 4068 1578 4134 Sen-

472 4180 514 4250 sit
523 4179 648 4250 medios
659 4181 802 4267 delapsus
813 4178 847 4248 in
859 4178 970 4248 hostes
978 4200 1008 4259 »;
1023 4198 1135 4269 graece
1144 4179 1349 4249 translatum:
1361 4193 1448 4277 ᾔσθετο
1459 4195 1575 4270 ἐμπεσών.

472 4295 533 4379 Qui
549 4294 761 4366 hellenismus
775 4295 820 4364 ita
836 4293 995 4364 sententia
1009 4294 1201 4384 complenda
1213 4295 1422 4386 explicandus
1438 4295 1575 4394 videtur:

474 4434 492 4478 «
513 4410 671 4502 Delapsus
690 4409 791 4480 sensit
805 4429 840 4480 se
857 4409 1027 4499 delapsum
1041 4427 1124 4478 esse.
1144 4432 1161 4476 a
1186 4409 1307 4480 Eodem
1327 4408 1486 4500 principio
1506 4409 1578 4478 haec

474 4525 670 4596 constructio
685 4524 798 4595 nititur
813 4533 909 4616 atque
933 4543 1068 4613 eaquae
1087 4524 1248 4615 prolepsis
1264 4533 1408 4596 vocatur.
1437 4524 1529 4606 ouon
1542 4524 1577 4594 ad

476 4662 610 4714 sensum
640 4641 765 4724 attinet,
792 4641 858 4712 lere
884 4640 970 4713 idem
997 4648 1047 4714 est
1070 4660 1107 4714 ac
1138 4640 1165 4715 si
1193 4625 1395 4715 accusativus
1423 4659 1497 4714 oum
1525 4661 1578 4714 estc
