3528 5604
743 617 915 692 ..vlit-

274 812 495 883 numerandus
521 809 644 902 estqui
660 827 768 880 veram
794 811 893 881 latino
920 810 1062 880 sermoni
1090 801 1233 882 indolem
1250 821 1284 884 et
1300 815 1386 885 nati·
1505 797 1510 814 '

274 947 351 997 vum
374 927 540 1020 ingenium
560 926 807 1016 impresserunt,
829 945 969 1018 eumque
987 925 1026 995 ad
1046 944 1212 996 summum
1231 939 1385 1002 venusta-

158 1085 160 1092 >
274 1044 316 1113 tis
335 1052 367 1114 et
388 1042 565 1134 elegantiae
589 1042 754 1134 'fastigium
774 1050 960 1113 evexerunt.
988 1041 1077 1111 Nihil.
1100 1043 1186 1112 enim
1211 1043 1277 1114 nisi
1302 1044 1387 1116 anti·
1451 1049 1454 1054 '

275 1179 377 1251 quum
389 1158 507 1229 latinae
519 1157 649 1250 linguae
664 1167 840 1250 corpus,ut
854 1179 888 1229 se
898 1158 1055 1250 temporis
1066 1173 1242 1250 progressu
1256 1171 1387 1232 auctum

275 1274 448 1355 evolverat,
474 1273 511 1373 in
534 1291 632 1343 usum
651 1269 712 1342 sibi
737 1273 907 1343 convertit.
926 1271 1090 1363 Perpauca
1112 1283 1220 1343 tamen
1245 1275 1385 1358 novavit,

273 1407 341 1481 'quo
354 1387 536 1459 factumest
549 1381 585 1457 ut
599 1387 999 1459 auiceronianaoraunne
1013 1388 1083 1458 eius
1103 1388 1241 1459 elocutio
1253 1390 1388 1480 paulum

275 1505 447 1594 discrepet.
460 1503 616 1594 Antiquae
629 1503 874 1574 consuetudinis
888 1503 1043 1595 loquendi
1056 1503 1213 1575 formulas
1228 1505 1386 1586 innexuit,

276 1619 395 1712 quibus
414 1619 553 1691 orationi
571 1619 658 1688 bunc
680 1619 822 1690 colorem
840 1619 987 1710 hancque
1006 1620 1237 1710 proprietatem
1261 1620 1386 1704 induat,

276 1737 346 1808 sine
361 1755 427 1827 qua
444 1734 553 1825 poesis
577 1753 649 1804 esse
670 1751 736 1818 nou
750 1743 868 1824 potest.
888 1735 951 1824 ileo
970 1725 1077 1805 solum
1096 1734 1136 1804 ad
1149 1735 1386 1826 antiquitatem,

277 1852 333 1923 sed
349 1859 380 1921 et
398 1849 438 1920 ad
455 1851 650 1921 Graecorum
668 1847 793 1940 copiam
813 1849 980 1942 digressus
995 1859 1057 1932 est,
1085 1869 1125 1920 ex
1138 1869 1203 1940 qua
1232 1849 1388 1921 multaab

276 1967 461 2059 aequalium
478 1985 544 2036 usu
562 1965 667 2036 aliena
692 1965 864 2056 decerpsit,
894 1966 1015 2058 quibus
1042 1966 1208 2038 moderate
1227 1975 1389 2060 parceque

277 2065 445 2174 dispersis,
473 2082 617 2174 poeticae
640 2081 770 2174 liuguae
796 2082 986 2153 thesaurum
1012 2083 1201 2174 compleret.
1232 2081 1389 2176 Vergilius

277 2200 364 2271 enim
382 2197 497 2290 quovis
517 2198 580 2268 alio
595 2191 787 2288 aptior'luit,
805 2197 861 2288 qui
887 2198 977 2267 illam
1004 2201 1156 2269 Graecam
1178 2197 1389 2270 subtilitatem
1479 2283 1480 2286 Ἴ

278 2315 433 2406 percipiat
459 2322 491 2384 et
519 2311 580 2384 sibi
600 2312 750 2396 vindicet,
778 2312 899 2405 quippe
918 2313 987 2405 qui
1001 2314 1095 2404 quasi
1119 2331 1233 2406 graeco
1259 2315 1389 2408 ingenio

277 2430 443 2522 praeditus
463 2450 483 2498 a
499 2437 615 2499 natura
633 2428 734 2508 luisse
753 2428 912 2499 videatur.

321 2545 359 2616 Id
372 2564 449 2616 vero
457 2547 596 2615 Graecae
608 2543 737 2635 linguae
749 2543 931 2633 proprium,
949 2550 986 2614 nt
998 2543 1114 2614 maiori
1127 2543 1274 2616 libertate
1284 2559 1390 2616 enun-

277 2661 420 2732 tiationis
443 2661 542 2731 verba
562 2660 747 2751 coniungat.
775 2663 866 2742 Cum,
888 2679 919 2729 v.
940 2681 987 2752 g.‚
1013 2657 1152 2731 ablativo
1179 2679 1258 2731 casu
1276 2670 1390 2754 graeca
1432 2715 1435 2721 .

276 2775 449 2849 declinatio
461 2784 579 2859 careat,
597 2773 695 2874 huius
709 2795 804 2845 casus
823 2783 932 2865 partes
947 2774 1029 2866 gerit
1048 2775 1135 2866 apud
1148 2779 1287 2848 Graecos
1302 2783 1390 2850 nunt

278 2894 457 2986 genetivus
488 2911 575 2963 nunc
605 2888 745 2962 dativus.
777 2891 869 2961 Unde
899 2911 997 2961 causa
1024 2899 1113 2981 patet
1137 2912 1195 2962 cur
1229 2892 1389 2984 Vergilius

279 3007 437 3101 quaedam
460 3008 558 3079 verba
576 3005 626 3079 vel
641 3007 807 3090 adiectiva,
835 3027 920 3099 quae
946 3007 1125 3078 ablativum
1139 3015 1214 3098 post
1228 3027 1263 3078 se
1281 3009 1389 3100 requi·
1515 3028 1517 3031 ’

278 3134 367 3207 runt,
392 3145 467 3197 cum
491 3125 639 3216 genetivo
658 3133 837 3196 construat.

321 3241 573 3314 Nontamen'ita
586 3261 621 3312 se
635 3241 676 3310 ad
695 3245 833 3312 Graecos
851 3240 998 3324 contulit,
1018 3248 1054 3310 ut
1077 3241 1187 3312 omnia
1212 3257 1295 3333 quae
1318 3241 1389 3313 eius·

279 3359 422 3451 'syntaxis
439 3357 573 3449 propria
595 3371 667 3428 esse
685 3357 836 3428 videntur
850 3364 882 3427 et
899 3357 992 3448 quasi
1002 3366 1158 3428 exterum
1173 3356 1320 3429 habitum
1335 3368 1389 3450 ge:

279 3487 367 3561 runt,
383 3497 423 3548 ea
440 3480 637 3547 Graecorum
655 3471 803 3546 ubertate
817 3474 1097 3566 depromerentur.
1114 3480 1213 3546 Vetus
1227 3476 1314 3547 enim
1328 3475 1395 3546 La-·

280 3592 423 3664 tinorum
440 3591 553 3682 lingua
578 3611 699 3682 magna
728 3590 1021 3661 construendorum
1045 3580 1219 3662 verborum
1242 3589 1390 3663 libertate

281 3707 452 3801 gaudebat,
483 3716 515 3777 et
533 3706 630 3797 plane
656 3706 796 3776 incertae
816 3715 892 3777 sunt
911 3704 951 3776 ab
969 3706 1093 3798 origine
1119 3707 1207 3799 leges
1220 3706 1387 3798 loquendi.

281 3824 381 3894 llulta
398 3823 496 3915 igitur
512 3842 607 3913 quae,
630 3822 657 3892 si
683 3821 783 3891 nimia
801 3821 962 3893 celeritate
980 3805 1173 3906 iudicamus,
1190 3823 1231 3893 ad
1252 3825 1390 3896 Graeco-

281 3957 354 4008 rum
368 3935 580 4008 imitationem
592 3936 760 4008 relerenda
771 3933 932 4019 videntur,
945 3937 1081 4028 pmpius
1092 3934 1310 4029 inspectantes
1323 3955 1390 4009 nnn

281 4051 345 4122 iam
360 4051 501 4134 Graecis,
524 4050 582 4122 sed
606 4051 770 4122 veteribus
784 4051 904 4121 Latinis
923 4051 1136 4123 adscribenda
1155 4071 1228 4124 esse
1242 4051 1390 4144 agnosci·
1495 4069 1501 4079 ·

282 4185 368 4239 mus.
389 4171 427 4238 in
453 4166 516 4239 hoc
537 4165 635 4259 igitur
667 4164 751 4236 mihi
778 4167 926 4237 Kiihnast
956 4187 1081 4238 errrore
1112 4167 1250 4250 videtur,
1279 4167 1311 4236 in
1335 4165 1393 4236 illa

282 4287 322 4357 tle
341 4285 473 4357 Liviana
495 4283 620 4374 syntaxi
639 4281 868 4354 dissertatione
887 4303 986 4374 quam
1008 4280 1267 4374 *supra'laudavi
1288 4281 1389 4375 quod,
1469 4349 1476 4360 .

281 4401 479 4492 ubicumque
490 4400 687 4472 constructio
704 4399 744 4470 ab
758 4399 945 4490 quotidiano
963 4398 1146 4490 aequalium
1160 4420 1225 4470 usu
1238 4396 1389 4484 deflectit,

281 4517 510 4588 hellenismum
522 4515 688 4588 odoratur.
707 4515 799 4607 Apud
817 4515 993 4607 Vergilium
1020 4524 1143 4599 contra,
1160 4535 1244 4608 quaa
1263 4519 1393 4606 saepea
1449 4544 1454 4554 =

283 4627 490 4706 Ciceroniana
499 4631 646 4705 oratione
657 4631 763 4705 aliena
775 4639 960 4714 occurrunt,
976 4641 1043 4702 no'n
1056 4630 1097 4701 ad
1111 4635 1319 4717 Graecorum,
1335 4629 1392 4704 sed

283 4749 323 4822 ad
341 4758 486 4822 veterum
505 4749 692 4822 Latinorum
711 4769 810 4821 usum
828 4755 904 4821 sunt
917 4746 1097 4820 referenda.
