3528 5604
528 1929 532 1942 .
580 1879 620 1944 Ut
649 1893 797 1964 prorsus,
813 1873 1042 1968 intellegamus,
1058 1881 1208 1973 reeteque
1227 1873 1453 1978 {percipiamus
1481 1895 1566 1966 quae
1599 1876 1645 1946 sit

528 1990 737 2083 ,Vergilianas
758 1990 912 2079 orationis
929 1991 1001 2083 laus
1020 1998 1052 2060 et
1070 1989 1182 2088 virtus,
1204 1995 1235 2060 et
1258 1987 1322 2081 q'ua
1340 1990 1381 2061 de
1399 1989 1497 2064 cau'sa
1527 1991 1645 2082 Vergi-

536 2107 600 2178 lius
618 2106 701 2176 inter
728 2105 843 2177 latinos
870 2113 981 2196 poetas
1008 2115 1196 2198 ceterosque
1225 2106 1397 2196 scriptores
1420 2105 1644 2202 principatum

540 2223 684 2302 obtinere
702 2222 797 2314 vulgo
829 2223 1042 2314 praedicetur,
1076 2243 1206 2296 necesse
1234 2223 1360 2294 videtur
1379 2217 1583 2322 singulorum
1602 2224 1645 2294 ab

539 2339 639 2428 initiis
658 2339 850 2432 scriptorum
870 2360 969 2431 opera
988 2341 1151 2434 perlegere
1169 2360 1348 2431 eorumque
1362 2326 1530 2438 loquendi
1543 2361 1645 2411 usum

541 2465 574 2536 et
588 2456 745 2558 rationem
760 2455 928 2548 diiigenter
946 2457 1157 2549 perpendere.
1175 2456 1226 2526 Sic
1238 2455 1324 2526 enim
1344 2453 1438 2527 nobis
1452 2475 1510 2546 per
1525 2456 1646 2526 latinas

487 2667 489 2672 Ι
542 2574 665 2664 11111111Ι
687 2574 780 2664 quasi
804 2573 864 2644 iter
886 2570 1127 2644 instituentibus
1151 2572 1260 2643 liceret
1282 2572 1391 2643 omnia
1411 2592 1493 2663 quae
1511 2571 1551 2642 ad
1570 2571 1646 2642 lati-

544 2710 620 2775 nam
646 2688 805 2782 syntaxim
828 2687 1000 2779 pertinent,
1016 2687 1166 2759 minimas
1192 2687 1288 2758 etiam
1313 2696 1344 2758 et
1366 2687 1645 2760 abconditissimas

516 2879 530 2890 ,,
544 2806 689 2894 eiusdem
706 2813 826 2897 parteS,
848 2804 983 2886 scrutari
1001 2807 1160 2902 certisque
1172 2804 1298 2907 indiciis
1315 2814 1427 2877 notare
1445 2826 1509 2897 qua
1523 2805 1646 2877 ratione

487 3011 490 3018 .
546 2922 699 3016 paulatim
725 2922 834 3014 lingua
855 2923 1059 3014 processerit,
1081 2930 1112 2993 et
1136 2942 1200 3013 quo
1224 2931 1318 3014 pacto
1346 2922 1489 2993 nativum
1515 2921 1645 3014 quidem

547 3058 679 3117 servans
701 3036 877 3136 ingenium,
898 3036 1016 3137 multas
1039 3045 1146 3124 temen
1165 3057 1204 3107 ex
1222 3056 1335 3128 graeca
1357 3037 1482 3128 syntaxi
1502 3047 1645 3109 mutuata

508 3229 509 3236 ,
548 3153 689 3240 rationes
708 3172 779 3223 sese
797 3152 964 3242 perfecerit
980 3161 1013 3238 et
1030 3152 1202 3240 evolverit,
1215 3161 1246 3223 et
1263 3152 1393 3223 tandem
1411 3152 1451 3228 ad
1471 3152 1558 3223 illam
1576 3175 1644 3223 am-

488 3357 502 3366 .,
548 3267 717 3362 plitudinis
736 3267 951 3350 maturitatem
969 3268 1235 3360 splendidumque
1255 3267 1496 3351 abundantiam,
1513 3289 1593 3368 quae
1612 3270 1644 3338 in

532 3381 688 3474 ,Vergilio
720 3381 898 3473 ceterisque
926 3402 1041 3453 aureae
1065 3382 1176 3454 aetatis
1200 3383 1409 3474 scriptoribus
1430 3383 1510 3454 nitet
1534 3404 1643 3475 perve-

552 3497 646 3569 uerit.

588 3612 633 3693 ,Id
651 3631 726 3683 vero
748 3633 806 3702 per
824 3632 936 3694 omnes
956 3621 1063 3704 partes
1083 3612 1264 3684 describere
1286 3612 1419 3704 longum
1441 3621 1527 3684 esset
1544 3633 1643 3704 neque

481 3779 483 3786 ¹
555 3727 595 3798 ad
621 3748 729 3798 meum
752 3730 954 3819 propositum
972 3737 1119 3820 pertinet.
1146 3729 1228 3799 Satis
1255 3727 1316 3799 erit
1339 3729 1366 3799 si
1384 3728 1501 3800 latinae
1522 3729 1643 3820 linguae

555 3846 816 3938 compendiosam
837 3847 1104 3938 constrictumque
1117 3846 1158 3916 ad
1178 3846 1350 3938 Vergilium
1366 3866 1470 3936 usque
1483 3846 1642 3916 historiam

556 3961 666 4051 paucis
693 3959 960 4032 adumbraverim.
991 3960 1169 4051 Inquirenti
1202 3959 1288 4030 enim
1310 3958 1448 4030 breviter
1474 3959 1640 4048 quomodo,

558 4076 678 4168 populo
707 4079 853 4148 Romano
876 4097 948 4148 sese
965 4077 1119 4168 paulatim
1140 4075 1179 4145 ad
1198 4078 1391 4145 Graecorum
1422 4073 1642 4143 humanitatem

559 4194 762 4276 informante,
782 4192 892 4285 lingua
913 4194 1068 4264 1111111111
1089 4190 1288 4282 primordiali
1312 4189 1450 4259 ruditate
1471 4189 1512 4258 ad
1534 4192 1642 4258 Roma-

560 4331 635 4380 nam
654 4309 841 4379 suavitatem
868 4308 1058 4398 pervenerit,
1075 4304 1361 4398 grammaticusque
1379 4303 1519 4374 rationes
1537 4303 1642 4372 immu-

561 4425 684 4508 taverit,
706 4424 823 4495 clarius
845 4424 1023 4495 innotescet
1039 4430 1195 4514 quantum
1216 4419 1373 4512 Vergilius
1392 4420 1432 4490 ad
1455 4420 1538 4490 hano
1555 4418 1641 4510 perii-

561 4543 705 4616 ciendam
722 4541 902 4615 contulerit.

607 4663 647 4729 Ut
664 4658 749 4750 apud
767 4662 916 4742 Graecos,
937 4657 983 4730 sio
995 4665 1028 4730 et
1041 4654 1125 4747 apud
1141 4658 1270 4728 Latmos
1289 4674 1404 4746 prosae
1420 4652 1569 4728 orationis
1581 4673 1641 4726 mo-
