3540 5612
896 687 1025 764 -ett
1047 728 1088 745 -

441 869 582 961 gendum
606 869 648 942 'sit
670 879 795 944 noctem
823 871 869 945 sic
896 873 1037 966 apoetis
1061 882 1214 965 anquam
1238 873 1413 945 obscurum
1437 875 1547 946 velum

442 986 544 1058 oculis
566 988 716 1080 proponi,
742 989 803 1062 sub
825 1010 891 1082 quo
914 991 1061 1063 homines
1079 991 1113 1061 in
1132 999 1218 1062 terra
1235 999 1404 1062 versentur
1425 1000 1458 1061 et
1479 1012 1546 1083 quo

356 1127 358 1132 ·
443 1109 602 1193 tegantur.
623 1102 686 1175 Sed
705 1105 900 1177 constructio
918 1127 984 1178 nnn
1002 1105 1106 1198 poetis
1124 1105 1256 1198 propria
1274 1128 1282 1187 ;
1304 1125 1380 1177 nam
1401 1106 1546 1197 primum

444 1218 530 1309 apud
545 1222 712 1292 Caesarem
725 1233 858 1313 apparet
868 1227 905 1292 B.
922 1224 960 1294 G.
975 1226 1013 1306 V,
1031 1227 1085 1293 ⁴3.
1102 1226 1121 1292 3
1138 1244 1157 1290 a
1173 1219 1372 1313 scripserunt
1383 1222 1452 1293 dies
1466 1242 1547 1292 con-
1678 1252 1684 1260 ·

444 1333 553 1406 tinuos
570 1338 651 1405 XXX
681 1339 739 1406 suo
766 1339 882 1408 omma
904 1356 976 1410 esso
989 1346 1128 1410 noctem.
1155 1360 1174 1406 v
1205 1338 1276 1424 (--
1292 1347 1438 1429 temporo
1466 1338 1547 1409 bru-

444 1451 547 1540 mali).
568 1455 651 1537 vill,
673 1457 727 1537 lt),
748 1459 781 1537 2,
800 1457 858 1524 aab
880 1457 1002 1526 decessu
1022 1474 1092 1526 suo.
1118 1493 1158 1506 -
1183 1456 1247 1524 Sub
1268 1474 1343 1525 cum
1365 1453 1547 1524 accusativo

443 1567 563 1639 indicat
578 1567 741 1659 quoddam
759 1577 888 1660 tempus
905 1569 1177 1662 appropinquare,
1198 1589 1273 1640 cum
1290 1589 1343 1640 res
1358 1569 1468 1661 aliqua
1484 1568 1544 1638 tit:

445 1685 483 1753 G.
501 1687 528 1768 Ι,
550 1687 649 1755 478«
671 1684 848 1757 simulacra
870 1685 976 1759 modis
995 1685 1147 1778 pallentia
1168 1686 1260 1756 miris
1278 1685 1346 1757 visa
1361 1688 1418 1756 seb
1436 1687 1546 1755 obscu-

444 1819 519 1883 rum
536 1799 651 1872 noctis.
674 1824 693 1869 »
712 1804 749 1871 G.
768 1805 796 1885 Ι,
817 1806 881 1874 340
899 1825 918 1871 «
936 1785 1105 1874 Extremae
1122 1804 1180 1872 sub
1197 1823 1308 1873 casum
1328 1801 1455 1884 hiemis,
1481 1801 1547 1871 iarn

445 1935 519 1988 vere
537 1935 664 1989 sereno.
690 1940 708 1984 v
732 1921 790 1988 324
816 1919 959 2011 «prima
980 1919 1030 1990 vel
1053 1917 1200 1990 autumni
1221 1921 1280 1987 sab
1301 1912 1436 2006 [ripord.
1460 1941 1478 1986 v>
1498 1918 1544 1987 of.

444 2032 511 2103 Liv.
533 2035 641 2116 XXIX,
662 2038 682 2104 6
703 2055 721 2101 «
741 2037 1089 2126 subreccatcmpacem.
1109 2058 1127 2103 »
1147 2039 1227 2106 dom
1241 2037 1278 2103 G.
1296 2037 1355 2117 ΙΙΙ,
1372 2038 1436 2104 324
1451 2056 1469 2101 «
1485 2038 1546 2103 Lu-

444 2146 532 2219 ciferi
544 2150 649 2237 primo
663 2169 736 2220 com
753 2151 852 2220 sidere
868 2150 983 2243 frigida
1005 2170 1082 2222 rura
1099 2169 1281 2242 carpamus.
1299 2171 1317 2218 >v
1335 2188 1376 2200 -
1392 2151 1428 2218 io
1446 2152 1484 2219 G.
1503 2153 1545 2231 ΙΙ,

445 2264 509 2330 272
524 2282 543 2328 «
558 2260 638 2333 adeo
652 2263 687 2331 io
700 2265 812 2332 tendis
825 2283 1036 2336 consuescere
1049 2263 1189 2336 multum
1202 2271 1262 2335 est.
1282 2285 1301 2332 v
1317 2261 1452 2354 Saepius
1463 2261 1546 2332 Lati·

446 2373 480 2446 ni
500 2374 647 2447 dicunto
665 2379 789 2461 tenum,
810 2397 855 2450 sc.
878 2377 1074 2472 unguiculis.

489 2519 523 2585 2.
544 2553 585 2567 -
616 2515 780 2590 Ablativus
801 2528 870 2592 tum
893 2520 1012 2592 indicat
1033 2519 1173 2610 spatium
1197 2518 1352 2611 temporis
1375 2539 1434 2610 per
1460 2519 1546 2610 quod

446 2630 524 2723 quid
547 2630 662 2724 agitur,
687 2633 720 2703 id
746 2642 808 2718 est,
837 2645 965 2729 tempus
988 2636 1222 2719 continuatum,
1246 2655 1321 2707 cum
1344 2634 1490 2726 quaestio
1512 2635 1549 2704 tit

446 2763 505 2836 per
532 2749 697 2834 quamdiu.
726 2752 848 2822 Nomen
871 2760 978 2823 tamen
1005 2751 1160 2842 temporis
1183 2751 1217 2821 in
1244 2749 1382 2821 ablativo
1406 2749 1548 2840 positum

447 2860 638 2955 plerumque
651 2864 714 2936 alio
729 2867 860 2938 nomine
878 2867 1029 2939 adiuncto
1046 2867 1181 2958 propius
1194 2865 1363 2937 delinitur.
1385 2865 1448 2936 Cic.
1464 2865 1545 2935 Phil.

446 2979 489 3059 ΙΙ,
510 2981 524 3046 Ι
549 2999 567 3044 «
585 2981 684 3051 Nemo
698 2983 851 3052 liaconis
864 2985 979 3071 vipeoti
992 2981 1188 3073 reipublicae
1205 2981 1265 3052 luit
1282 2981 1397 3064 hostis,
1414 2980 1549 3072 quinon

447 3093 569 3166 bellum
588 3100 689 3167 eodem
702 3113 836 3191 tempore
853 3102 932 3174 mihi
951 3123 1081 3194 quoquc
1098 3100 1260 3172 indixerit.
1277 3123 1296 3169 v
1313 3099 1373 3170 llic
1391 3099 1548 3170 ablativus

448 3212 591 3301 saepein
604 3216 821 3288 accusativum
834 3218 950 3289 transit
966 3237 1040 3289 cum
1053 3217 1166 3288 eadem
1180 3216 1247 3286 lere
1261 3214 1503 3306 significatione.
1640 3209 1643 3213 ’

493 3326 607 3419 Aliqua
622 3338 747 3402 tantum
766 3332 895 3426 Vergilii
917 3333 1065 3425 exempla
1086 3332 1229 3415 afferam,
1255 3331 1288 3400 in
1312 3329 1432 3421 quibus
1454 3350 1548 3401 cons-

450 3442 565 3515 tructio
583 3445 712 3517 ablativi
734 3451 921 3540 temporalis
939 3451 1036 3542 paulo
1055 3450 1186 3522 liberior
1203 3457 1235 3520 et
1256 3447 1381 3539 poetica
1399 3448 1545 3520 videtur:

450 3560 488 3627 G.
510 3561 552 3641 ll,
571 3564 628 3629 ddi
654 3584 671 3628 a
691 3573 847 3652 quantum
866 3568 964 3654 lorcpis
980 3574 1113 3657 carpent
1124 3572 1270 3635 armenta
1286 3564 1404 3646 diebus,
1419 3564 1550 3651 Eeipao

451 3682 575 3743 tantum
594 3675 719 3767 gelidus
738 3700 792 3751 ros
809 3683 896 3751 nocte
914 3691 1058 3781 reponet
1078 3685 1169 3764 vill,
1190 3685 1247 3750 32⁴
1273 3702 1291 3747 v
1311 3699 1371 3750 nec
1384 3677 1549 3748 totcclau-

452 3787 509 3859 des
527 3789 655 3862 faenilia
677 3795 801 3864 bomo.
823 3800 897 3866 nrt.
917 3801 943 3880 Ι,
964 3801 1028 3867 267
1048 3796 1219 3888 «.triginta
1239 3813 1374 3886 magnos
1396 3793 1550 3861 coloeedv's

452 3885 605 3977 mensibus
627 3907 723 3980 orbes
745 3911 885 4001 imperio
908 3911 1059 4002 explebit.
1077 3913 1099 3980 'v
1124 3913 1218 3999 (volo.
1239 3913 1335 3979 uuus.
1355 3944 1400 3970 ==
1417 3906 1496 3977 dum
1517 3926 1551 3976 se

452 4023 580 4096 volvent
598 4027 753 4113 menses).
775 4028 832 4108 ΙΙΙ,
855 4030 917 4095 309
938 4048 956 4093 c
977 4031 1083 4114 Loopo
1105 4024 1157 4095 vir
1180 4039 1311 4114 tempore
1333 4023 1428 4092 latur.
1453 4043 1471 4088 v
1497 4022 1548 4098 Vl,

452 4144 515 4210 535
536 4145 643 4211 «Hoc
655 4143 720 4211 eice
731 4162 908 4212 sermonum
922 4143 1024 4214 roseis
1042 4145 1165 4214 Aurora
1183 4139 1347 4232 quadrigis
1362 4179 1403 4190 -
1418 4136 1550 4208 traiece-

452 4265 502 4327 rat
518 4245 623 4329 arem.
823 4251 827 4265 '
1302 4323 1304 4328 .

497 4367 588 4446 Side
607 4386 751 4468 tempore
770 4372 875 4469 agitur
892 4375 976 4446 intra
999 4374 1086 4465 quod
1105 4372 1226 4464 aliquid
1245 4372 1292 4456 fit,
1314 4378 1346 4441 et
1362 4367 1552 4459 praesertim

453 4494 481 4566 si
498 4515 557 4586 per
572 4496 738 4566 numerale
756 4495 944 4567 adverbium
970 4501 1026 4564 aut
1049 4491 1289 4563 distributivum
1309 4506 1483 4559 numerum
1503 4486 1554 4555 in-

453 4611 624 4684 dicandum
650 4613 830 4700 astacades
847 4609 969 4702 aliquid
994 4608 1071 4681 certi
1089 4607 1257 4679 cuiusdam
1275 4600 1552 4696 temporisspatio

454 4726 571 4808 evenit,
599 4711 675 4798 tunc
704 4745 815 4819 praep.
836 4729 871 4796 ic
897 4725 1034 4798 ablativo
1055 4723 1185 4815 adiungi
1204 4721 1297 4804 solet,
1318 4716 1509 4812 praesertim
1526 4715 1553 4787 si

738 4905 749 4946 d
