3528 5604
722 613 893 694 ...3³-

298 797 336 864 ln
350 793 467 884 plurali
481 807 617 868 numeru
631 791 850 866 nominativus
864 809 961 867 none
987 790 1130 862 vocativo
1152 788 1361 882 distinguitur

256 918 289 982 et
307 908 380 979 ideo
398 927 465 980 non
486 914 619 998 apparet
640 915 711 977 uter
728 925 823 978 casus
846 904 1050 996 adhibeatur.
1075 904 1158 974 Plin.
1182 907 1224 992 ll,
1249 905 1359 988 lusti:

258 1025 398 1096 «Murri
411 1021 539 1119 ingenio
569 1030 649 1104 este,
681 1021 760 1092 caeli
786 1021 990 1114 interpretes
1011 1045 1030 1089 u
1058 1021 1151 1112 Apud
1166 1020 1362 1112 posteriores

257 1147 370 1231 poetas
396 1137 563 1231 genetivus
581 1136 677 1210 etiam
695 1155 755 1230 pro
774 1135 912 1210 ablativo
930 1140 990 1230 p'er
1016 1136 1248 1209 hellenismum·
1265 1156 1363 1215 usur-

258 1263 365 1345 patur.
383 1259 475 1326 Mart.
488 1257 566 1338 1111,
586 1257 623 1324 6:
645 1274 664 1322 <r
683 1257 787 1325 Macte
809 1254 912 1325 enimi
929 1259 1112 1342 morumne
1129 1265 1270 1328 tuorum,
1289 1275 1363 1323 »η

260 1373 339 1445 Stat.
359 1367 459 1440 Theb.
478 1372 520 1451 ll,
542 1372 618 1440 tos.
635 1407 677 1418 —
698 1366 754 1441 Sil.
776 1371 846 1452 Xll,
863 1371 944 1438 357:
967 1371 1130 1440 «uirtutis
1144 1371 1259 1440 unitur.
1280 1391 1298 1436 u

302 1489 347 1556 lla
364 1485 498 1557 vocativi
513 1483 617 1556 lorma
629 1496 730 1554 mucre
743 1501 801 1576 per
815 1483 1066 1577 frequentiorem
1081 1505 1181 1564 usum
1195 1483 1363 1576 paulatim,

259 1610 296 1674 ut
311 1601 357 1674 ita
373 1600 491 1684 dicam,
511 1598 643 1694 diriguit
667 1606 700 1679 et
718 1597 891 1684 induravit,
915 1600 962 1678 'ita
984 1611 1021 1674 ut
1047 1603 1142 1680 multi
1168 1598 1368 1694 grammatici

261 1701 332 1788 earn
351 1716 384 1788 in
414 1715 602 1792 adverbium
630 1713 731 1790 luisse
753 1721 1001 1789 transmutatam
1021 1717 1217 1801 existiment,
1241 1726 1276 1798 et
1292 1714 1368 1796 inde

263 1852 394 1904 causam
408 1831 537 1903 trahant
555 1849 613 1903 cur
629 1829 694 1900 iam
707 1828 793 1928 apud
810 1829 934 1902 Livium
962 1836 1030 1916 Vll,
1048 1837 1103 1917 36,
1123 1839 1231 1912 deum
1250 1830 1369 1923 plurali

264 1961 400 2020 numero
426 1945 597 2018 coniuncta
621 1947 818 2025 inveniatur:
856 1953 996 2022 «vltucte
1018 1947 1137 2019 virtute
1158 1961 1266 2026 crtus
1296 1947 1369 2036 (pro

263 2065 391 2152 muctt);
414 2072 487 2156 tuno
504 2081 578 2136 curu
596 2060 767 2150 infinitivo,
792 2064 848 2136 ubi
864 2079 972 2139 accus.
993 2071 1142 2154 expectes
1168 2065 1212 2145 ΙΙ,
1233 2066 1287 2146 lu,
1310 2063 1369 2136 vta

266 2203 285 2248 c
306 2178 456 2263 luberent
478 2179 537 2269 (tc)
566 2193 667 2254 ccccm
692 2181 811 2259 virtuto
831 2202 941 2256 csse.»
971 2185 1017 2264 Ea
1035 2189 1085 2252 est
1102 2177 1251 2270 Madvigii
1269 2175 1372 2268 expli·

267 2296 360 2379 catio,
382 2295 439 2387 qui
457 2303 550 2386 putat
566 2305 667 2367 muco
685 2295 874 2370 adverbium
895 2316 979 2381 esse,
1006 2295 1099 2368 cuius
1117 2295 1232 2366 ultima
1251 2292 1374 2385 syllaba

266 2411 439 2502 corripitur
455 2410 541 2482 utin
561 2414 643 2496 1666,
665 2415 758 2499 mule.
855 2500 856 2504 Ἴ

311 2523 411 2595 Multo
430 2524 533 2616 magis
563 2523 643 2618 milri
662 2524 871 2618 Coningtonis
893 2523 1013 2597 arridet
1039 2522 1161 2615 opinio,
1183 2523 1238 2614 qui
1267 2531 1376 2594 censet

269 2654 369 2711 msere
395 2639 576 2712 vocativum
602 2659 674 2731 esse
699 2639 790 2714 verbi
820 2654 942 2714 uinctus
969 2660 1043 2712 curn
1070 2639 1258 2731 imperativo
1287 2637 1376 2710 verbi
1472 2630 1474 2646 '

272 2751 463 2826 substantivi
475 2773 536 2822 esse
559 2760 779 2824 constructum
794 2751 908 2824 eodem
921 2771 1032 2834 sensu,
1048 2771 1114 2842 quo
1129 2750 1375 2823 nominativum.

272 2867 318 2940 ld
331 2869 497 2960 antiquam
509 2867 645 2938 vocativi
661 2887 734 2940 cum
749 2868 938 2960 imperativo
950 2856 1222 2939 constructionem
1236 2865 1378 2938 releren-

274 2984 334 3056 dus
356 2983 437 3055 mibi
455 2981 582 3082 videtur
604 2982 659 3072 ille
677 2982 766 3055 verbi
783 2998 885 3054 macte
902 3003 996 3067 usus,
1016 2983 1109 3054 cuins
1132 2980 1379 3054 constructionis

275 3101 355 3172 ratio
368 3099 402 3170 in
416 3119 455 3171 eo
473 3097 592 3170 residet
605 3099 770 3192 quodiam
787 3119 887 3192 supra
900 3099 1053 3184 diximus,
1065 3100 1246 3172 vocativum
1261 3099 1381 3170 scilicet

275 3215 354 3287 nihil
381 3214 470 3287 aliud
495 3234 690 3306 essequam
717 3215 952 3290 nominativum
979 3216 1053 3288 'sine
1081 3216 1149 3287 ulla
1173 3216 1213 3287 ad
1240 3214 1382 3308 aliquam

275 3329 506 3426 propositionis
519 3338 644 3421 partem
658 3331 825 3403 relatione.
841 3331 900 3402 llic
911 3351 987 3404 vero
1000 3351 1059 3422 per
1071 3331 1292 3423 exceptionem
1308 3350 1383 3402 euin

277 3448 465 3541 imperativo
483 3448 700 3539 coniungitur.
730 3449 849 3520 liadem
867 3457 916 3520 est
934 3448 1032 3541 igitur
1056 3449 1226 3520 amborum
1249 3467 1384 3519 casuum

278 3574 390 3636 mutua
406 3562 612 3655 permutatio,
631 3583 730 3655 quam
753 3562 786 3634 in
816 3561 980 3654 prioribus
1004 3562 1160 3654 exemplis
1186 3563 1382 3636 notavimus.

280 3674 561 3768 lpudllomerum
573 3675 687 3747 similis
699 3683 791 3770 estet
803 3675 1027 3759 miralocutio‚
1042 3697 1125 3768 qnae
1137 3676 1251 3748 eadem
1263 3677 1387 3747 ratione

281 3792 384 3885 pOSSlb
400 3790 564 3883 explanari
578 3789 694 3882 OdySS.
715 3796 823 3874 XXIV,
844 3795 907 3861 402
916 3813 924 3859 :
946 3815 964 3860 1(
979 3791 1078 3855 oiim
1098 3802 1140 3854 uui
1150 3799 1218 3886 pep'vboe
1228 3805 1315 3876 χαῖρε,
1328 3801 1388 3854 ocul

282 3908 558 3973 reverberatus.»
583 3905 643 3976 Hic
667 3906 763 3977 etiarn
786 3905 866 3977 milri
884 3907 1023 3991 videtur,
1045 3907 1132 4000 quod
1159 3899 1337 3998 Conington
1353 3904 1387 3974 in

285 4042 345 4093 suo
363 4021 405 4092 ad
417 4025 494 4092 Aen.
511 4025 565 4104 lll,
581 4025 639 4091 ott
666 4042 804 4094 excursu
820 4021 947 4114 probat,
968 4023 1023 4086 oin
1040 4011 1124 4095 esse·
1137 4021 1312 4104 vocativus
1333 4020 1389 4112 qui

286 4134 440 4227 paulatim
460 4134 529 4206 loco
543 4133 722 4226 imperativi
741 4136 774 4206 in
793 4136 954 4228 colloquio
965 4147 1143 4230 nsurpatus
1156 4146 1216 4208 est.
1439 4141 1441 4148 '

329 4249 499 4323 Beuoistus
513 4260 623 4322 censet
639 4265 739 4324 cauete
757 4253 991 4324 nominativum
1008 4273 1080 4324 esse
1099 4253 1158 4343 (Cf.
1180 4252 1346 4324 idditions
1360 4261 1392 4324 et

287 4365 495 4448 corrections,
508 4365 578 4437 Vol.
595 4370 652 4463 111,
669 4388 702 4458 p.
720 4371 810 4457 116).
825 4373 937 4462 «Nous
950 4389 1092 4441 summes
1105 4370 1255 4453 contains,
1273 4368 1389 4460 inquit,

287 4503 350 4578 qne
366 4482 448 4554 dans
465 4481 600 4553 l'ancien
617 4482 696 4553 latin
714 4483 746 4554 la
764 4484 866 4556 forme
885 4498 1009 4556 moetus
1027 4483 1170 4565 eristaiu
1196 4506 1238 4558 un
1264 4483 1393 4556 combat

290 4596 322 4670 la
342 4597 445 4670 forme
465 4594 563 4670 murti
586 4617 628 4676 au
651 4596 781 4689 pluriel,
805 4609 838 4671 et
861 4598 902 4670 de
928 4599 984 4671 tait
1008 4599 1055 4672 les
1082 4599 1228 4672 derniers
1251 4600 1393 4673 editeurs
