3528 5604
907 699 1057 767 ..q-

434 881 564 965 lastidii,
584 879 671 974 quod
685 878 854 972 vergilius,
875 878 959 951 sicut
974 886 1007 951 et
1021 878 1117 950 ceteri
1131 885 1257 970 poetae.
1276 879 1379 971 magis
1398 879 1439 950 ad
1457 899 1531 972 per-

434 998 629 1072 movendum
652 996 796 1068 auimum
822 1015 920 1088 quam
947 994 988 1066 ad
1014 995 1234 1066 exacuendum
1254 997 1371 1067 mentis
1397 1017 1532 1067 acumen

435 1114 604 1208 pertineat,
632 1111 835 1203 respondebo
861 1111 1023 1182 neminem
1045 1110 1127 1183 bene
1150 1110 1259 1182 animo
1281 1111 1402 1182 moveri
1422 1131 1531 1202 posse,

436 1224 515 1318 quin
533 1223 623 1315 prius
641 1222 832 1294 intellexerit
849 1222 926 1314 qnid
940 1232 1046 1314 poeta,
1061 1245 1126 1316 qua
1142 1223 1277 1307 ratione,
1293 1245 1358 1316 qno
1375 1223 1534 1296 sermonis
1571 1271 1574 1276 -

436 1339 569 1412 artificio
585 1338 764 1429 exprimere
793 1337 976 1409 intenderit.
1007 1343 1076 1411 llon
1095 1339 1182 1410 enim
1205 1340 1283 1410 satis
1312 1350 1372 1423 est,
1397 1341 1425 1410 si
1456 1339 1534 1431 quid

436 1464 608 1527 venustum
626 1453 863 1546 pulchrumque
884 1453 971 1545 apud
989 1463 1117 1544 poelam
1135 1455 1285 1538 occurrit,
1305 1455 1444 1528 obscura
1456 1476 1535 1546 qua-

438 1572 512 1644 dam
537 1571 748 1642 admiratione
764 1572 899 1656 moueri,
929 1571 985 1642 sed
1013 1570 1046 1641 id
1076 1574 1181 1665 agitur
1204 1581 1250 1655 ut,
1279 1583 1435 1664 quantum
1466 1572 1536 1643 lieri

437 1690 553 1784 possit,
573 1689 606 1759 id
634 1690 721 1781 quod
744 1698 924 1771 venustam,
945 1689 1079 1760 nitidam
1101 1699 1134 1761 et
1161 1692 1338 1784 elegantem
1359 1689 1536 1761 orationem

439 1805 547 1888 efficit,
566 1823 606 1876 ex
624 1802 766 1875 lontibus
797 1803 877 1895 ipsis
908 1803 1153 1895 perspiciamus,
1179 1804 1211 1874 id
1236 1817 1297 1887 est,
1318 1804 1427 1875 omnia
1455 1823 1537 1896 quae

440 1921 569 2015 proprie
586 1921 627 1990 ad
649 1920 862 1992 elocutionem
887 1929 919 1990 ct
945 1920 1038 2012 quasi
1056 1919 1096 1990 ad
1115 1920 1219 2011 ipsam
1247 1921 1362 2013 poetici
1379 1920 1538 1992 sermonis

441 2044 635 2108 structuram
652 2034 824 2126 pertinent,
847 2033 1031 2127 singulatim
1050 2053 1209 2126 perpensa
1227 2035 1415 2108 habeamus.

485 2173 504 2219 c
534 2154 580 2221 lle
611 2149 685 2240 quis
710 2149 806 2241 igitur
839 2158 993 2241 tauquam
1024 2169 1122 2240 parra
1153 2150 1293 2222 fastidiat
1318 2153 1539 2244 grammatices
1643 2140 1648 2148 ’

443 2263 612 2348 elementa,
622 2284 687 2336 nou
701 2264 777 2356 quia
790 2285 925 2357 maguae
937 2264 980 2336 sit
993 2285 1109 2356 operae
1122 2274 1335 2338 consonantes
1347 2288 1367 2337 a
1377 2268 1540 2340 vocalibus

443 2381 637 2463 discernere,
658 2380 810 2472 ipsasque
835 2401 890 2451 eas
914 2380 947 2451 iu
966 2381 1205 2452 semivocalium
1232 2402 1404 2452 numerum
1435 2392 1541 2455 muta-

443 2515 582 2587 rumque
600 2495 730 2586 partiri;
758 2496 814 2566 sed
832 2495 909 2586 quia
926 2495 1079 2568 interiora
1101 2497 1187 2568 velut
1206 2497 1287 2568 sacri
1305 2497 1402 2570 huius
1419 2499 1542 2570 adeun-
1565 2550 1569 2556 -

445 2612 531 2683 tibus
550 2611 717 2702 apparebit
732 2612 834 2683 multa
842 2632 951 2684 rerum
965 2612 1137 2696 subtilitas
1152 2633 1305 2705 quasnou
1319 2616 1416 2687 modo
1429 2636 1543 2687 acuere

445 2727 574 2821 ingenia
585 2722 731 2819 puerilia,
749 2727 805 2799 sed
819 2748 966 2800 exercere
983 2728 1171 2799 altissimam
1186 2750 1315 2821 quoque
1330 2731 1542 2803 eruditionem

446 2865 483 2914 ac
500 2842 666 2914 scientiam
684 2843 797 2932 possit.
820 2843 980 2932 »(Quinl.
1004 2847 1085 2913 lust.
1102 2863 1151 2915 or.
1176 2849 1203 2927 l,
1228 2849 1260 2928 l,
1281 2847 1329 2933 6.)

489 2958 550 3041 Qui
563 2978 640 3030 rero
654 2958 762 3049 poesis
780 2957 922 3028 artificiis
936 2957 1199 3050 ornamentisque
1216 2958 1413 3032 delectantur
1429 2982 1545 3053 magna

446 3095 520 3146 cum
542 3073 705 3164 voluptate
731 3073 943 3145 elaborabunt
964 3083 1001 3145 ut
1025 3074 1190 3166 requirant
1207 3083 1239 3147 et
1265 3085 1409 3168 retegant
1425 3085 1545 3168 quauta

447 3197 515 3261 arte
533 3198 644 3261 noster
666 3190 823 3282 Vergilius
846 3189 1018 3261 verborum
1037 3191 1286 3283 compositiones
1312 3193 1445 3277 intexat;
1463 3215 1545 3285 quae

447 3306 578 3398 quidem
597 3305 787 3397 inquirentis
806 3305 971 3398 ingenium
1000 3316 1170 3391 exacuunt,
1200 3329 1258 3380 uec
1282 3309 1349 3381 ullo
1372 3311 1469 3382 modo
1488 3330 1546 3402 per

447 3417 604 3512 analysim
634 3422 783 3513 explicari
813 3433 961 3514 possunt.
999 3428 1062 3495 llec
1091 3424 1199 3496 minus
1235 3426 1478 3499 delectabuntur
1513 3428 1545 3496 iu

448 3537 667 3610 describendis
678 3537 880 3609 lineamentis
898 3539 968 3610 eius
983 3538 1090 3630 operis
1104 3549 1199 3631 atque
1214 3541 1247 3611 in
1267 3542 1435 3615 indicando
1449 3564 1547 3636 quem

449 3654 556 3725 locum
569 3653 638 3723 eius
656 3653 799 3723 carmina
816 3653 848 3722 in
872 3653 1041 3724 latinarum
1060 3655 1239 3727 litterarum
1258 3657 1391 3729 historia
1407 3659 1544 3750 capiant.

493 3768 553 3852 Qui
573 3788 648 3840 vero
668 3769 795 3861 linguae
824 3769 941 3841 latinae
964 3771 1114 3843 scientiae
1139 3773 1343 3863 potissimum
1368 3774 1544 3866 indulgent,

450 3885 589 3957 multum
603 3885 700 3957 etiam
719 3885 938 3957 delectationis
957 3887 1119 3960 invenient
1132 3888 1164 3958 in
1179 3889 1378 3980 inspiciendo
1391 3890 1461 3981 ipso
1479 3890 1547 3960 elo-

451 4002 589 4073 cutionis
620 4001 817 4093 Vergilianee
849 4001 989 4093 iugenio,
1022 4003 1054 4073 in
1079 4004 1271 4098 conserendo
1298 4005 1368 4076 eius
1389 4005 1548 4096 syntaxim

451 4139 525 4190 cum
545 4116 724 4189 elocutione
735 4126 767 4188 et
785 4117 912 4208 syntaxi
929 4127 1096 4208 poetarum
1115 4119 1318 4209 superiorum
1331 4129 1363 4190 et
1376 4120 1549 4212 insequen-

452 4235 494 4305 tis
510 4233 633 4317 aetatis
660 4240 691 4303 et
708 4233 740 4302 in
764 4232 941 4326 detegendo
962 4242 1115 4324 quantem
1132 4233 1236 4304 lucem
1254 4234 1381 4325 Vergilii
1407 4235 1548 4325 syntaxis

453 4349 607 4440 explicata
634 4349 666 4419 in
694 4349 811 4419 mullas
834 4349 951 4419 letinae
980 4349 1205 4441 grammaticae
1221 4350 1424 4442 quaestiones
1442 4351 1545 4434 iaciat,

454 4487 534 4558 quas
546 4466 637 4537 aliter
652 4465 703 4535 vix
719 4464 859 4556 enodare
878 4485 989 4555 queas.
1170 4549 1172 4556 .

498 4585 538 4651 Ut
559 4579 735 4672 quemlihet
762 4579 896 4649 latinum
924 4578 1111 4669 scriptorem
1135 4579 1240 4671 legere
1262 4579 1379 4650 volenti
1407 4579 1548 4670 primum

455 4695 625 4770 ediscenda
642 4703 691 4767 est
703 4693 801 4766 latina
827 4693 946 4785 lingua,
965 4693 1010 4765 sic
1028 4681 1074 4766 ad
1097 4693 1268 4786 Vergilium
1286 4695 1447 4772 accedenti
1462 4695 1548 4768 edis·
