3528 5604
507 1897 553 1962 Ex
583 1890 623 1993 iis
642 1910 726 1982 quae
752 1889 793 1960 de
817 1909 933 1980 prosae
957 1897 989 1959 et
1011 1890 1154 1980 poeticae
1179 1891 1370 1962 elocutionis
1397 1890 1576 1962 differentia

463 2027 567 2098 pauca
581 2015 708 2078 tantum
727 2005 829 2098 attigi,
851 2006 916 2076 iarn
936 2006 1076 2096 perspici
1094 2016 1202 2096 potest
1225 2028 1292 2097 qna
1317 2007 1357 2076 de
1383 2027 1418 2076 rc
1440 2027 1576 2082 casuum

464 2123 637 2214 syntaxim,
658 2122 721 2205 vel,
755 2122 913 2205 ueniunt,
939 2122 1100 2217 syntaxim
1122 2122 1274 2194 rectionis
1294 2123 1381 2212 apud
1400 2123 1576 2214 Vergilium

464 2241 672 2332 potissimum
692 2239 893 2312 tractandam
907 2240 987 2310 mihi
1001 2239 1508 2331 proposuerimuenoenimest
1520 2239 1576 2330 qui

463 2376 528 2426 non
544 2354 650 2424 videet
664 2354 697 2424 in
717 2375 756 2426 ea
770 2354 914 2444 syntaxis
928 2362 1019 2445 parte
1036 2353 1194 2444 plurimas
1215 2355 1410 2446 scriptorum
1425 2354 1576 2426 dilleren-

463 2472 524 2542 tias
542 2491 709 2561 apparere.
735 2474 773 2540 ln
795 2491 834 2540 co
854 2471 942 2540 enim
962 2470 1103 2540 maxime
1117 2469 1202 2540 inter
1221 2489 1256 2540 se
1280 2470 1453 2560 scriptores
1474 2471 1577 2540 Latini

414 2673 416 2678 ,
464 2585 647 2674 discrepare
659 2583 821 2671 ridentur,
830 2583 918 2674 quod
928 2603 994 2654 non
1008 2582 1121 2654 eadem
1134 2583 1259 2654 ratione
1271 2583 1404 2654 nomina
1416 2583 1466 2653 vel
1479 2584 1577 2654 verba

463 2701 608 2792 regentia
625 2708 820 2770 construunt
837 2699 1076 2789 relationesque
1093 2719 1202 2768 rerum
1222 2699 1351 2770 casibus
1375 2700 1573 2791 exprimunt.

463 2820 488 2886 A
514 2837 612 2907 prosa
635 2816 781 2887 oratione
806 2815 931 2906 poetica
956 2815 1074 2897 differt,
1097 2815 1196 2905 quod,
1225 2814 1257 2884 id
1284 2814 1372 2904 quod
1398 2815 1463 2884 iam
1483 2824 1578 2885 antea

458 2933 618 3016 diximus,
649 2941 681 3002 et
712 2931 865 3003 omnibus
896 2931 1105 3022 perspicuum
1134 2939 1194 3013 est,
1228 2930 1359 3000 liberior
1391 2940 1441 3002 cst
1471 2931 1576 3021 poetis

465 3071 600 3120 casuum
618 3069 710 3130 usus,
728 3056 761 3118 et
776 3048 894 3118 iterum
908 3048 992 3118 inter
1008 3067 1043 3119 se
1058 3056 1172 3138 poetae
1186 3046 1381 3138 discrepant,
1397 3048 1484 3138 quod
1499 3068 1577 3138 pro-

465 3163 549 3256 pius'
568 3185 606 3235 ee
636 3165 676 3234 de
704 3184 739 3234 re
767 3163 808 3233 ad
833 3184 950 3253 prosae
971 3162 1126 3234 orationis
1154 3183 1303 3234 normam
1335 3163 1503 3245 accedunt,
1527 3163 1577 3234 vel

466 3289 579 3352 contra
600 3279 640 3348 ab
671 3278 784 3350 eadem
807 3279 989 3350 discedunt.
1014 3279 1191 3369 Pleraeque
1214 3276 1302 3374 enim
1324 3278 1472 3348 licentiae
1495 3299 1578 3369 quae
1652 3297 1653 3302 ’

467 3395 554 3486 apud
568 3394 744 3486 Vergilium
759 3402 944 3476 occurrunt,
962 3393 1022 3466 hac
1035 3394 1069 3463 in
1084 3394 1228 3484 syntaxis
1244 3402 1335 3484 parte
1349 3402 1531 3465 versantur.

424 3549 428 3559 ·
511 3518 592 3582 Tum
612 3519 643 3582 et
661 3503 735 3582 vere
753 3511 816 3580 diei
835 3519 943 3601 potest
961 3531 1096 3582 casuum
1115 3530 1213 3580 usum
1232 3509 1300 3580 lere
1325 3509 1456 3602 linguae
1476 3509 1578 3596 viscef

468 3626 559 3698 ribus
591 3627 758 3696 inhaerere
784 3634 881 3718 atque
912 3625 1071 3697 sermonis
1099 3626 1189 3695 latini
1217 3624 1312 3716 qnasi
1330 3625 1577 3705 fundamentum

469 3763 552 3826 esse,
570 3733 615 3813 ita
628 3751 665 3813 ut
683 3741 874 3815 confirmare
893 3762 958 3812 nnn
977 3741 1190 3812 dubitaverim
1208 3741 1298 3811 latini
1317 3741 1459 3811 cuiusvis
1476 3741 1578 3831 scrip-

468 3858 548 3929 toris
562 3857 705 3928 indolem
719 3877 837 3950 magna
848 3879 888 3928 ex
901 3867 993 3948 parte
1004 3857 1037 3926 in
1057 3877 1191 3928 casuum
1207 3877 1272 3926 usn
1286 3855 1380 3926 silam
1393 3875 1477 3925 esse.
1496 3859 1576 3926 Rem

468 3985 505 4046 ut
524 3975 671 4066 exempla
689 3975 889 4058 confirmem,
911 3975 1070 4068 Vergilius
1094 3983 1126 4044 et
1153 3975 1273 4067 Cicero,
1288 3973 1352 4063 ¹qui
1375 3981 1501 4043 tantum
1530 3973 1578 4042 la-

469 4092 555 4162 tinae
572 4077 701 4184 linguae
718 4091 924 4182 splendorem
943 4090 1152 4172 induxerunt,
1175 4090 1332 4172 mamma,
1349 4089 1437 4179 quod
1456 4089 1578 4189 adlin-

469 4229 567 4300 guam
580 4209 684 4300 ipsam
699 4216 731 4278 et
745 4197 906 4299 syntaxim
920 4208 1044 4290 attinet,
1061 4207 1145 4277 inter
1160 4227 1195 4276 sc
1209 4205 1373 4287 differunt,
1382 4204 1469 4297 quod
1484 4225 1578 4276 casus

469 4325 790 4415 praepositionesque
812 4332 887 4414 post
910 4313 1183 4414 rerha‘rcgentia
1211 4311 1277 4391 non
1306 4320 1420 4391 eadem
1455 4321 1579 4392 ratione

469 4449 673 4516 construunt.
700 4425 808 4511 Cicero
826 4439 975 4510 dixisset:
1007 4462 1025 4506 «
1049 4444 1092 4507 11
1119 4439 1405 4518 1111111111111115,
1444 4459 1461 4504 »
1481 4441 1575 4528 Vcrg.

470 4580 562 4631 vero:
580 4582 598 4628 «
619 4560 712 4628 Lucis
732 4558 913 4650 1111111115Ι
931 4557 1049 4644 opacis.
1068 4577 1085 4622 »
1234 4555 1237 4562 ’

512 4680 576 4748 Eae
595 4684 703 4747 autem
719 4671 872 4764 loquendi
888 4670 1113 4762 proprietates,
1133 4669 1187 4761 qui
1207 4667 1390 4740 hellenismi
1408 4675 1575 4750 vocantur,
