3528 5604
658 1891 708 1948 DE
728 1889 987 1950 accusativo.

313 2266 489 2338 accusativi
508 2265 667 2358 generalis
689 2286 771 2336 usus
794 2266 838 2336 ita
865 2264 992 2337 definiri
1015 2274 1145 2356 potest:
1178 2271 1223 2336 Ea
1244 2245 1377 2338 nomina

270 2403 352 2474 quae
370 2382 410 2453 ad
435 2383 500 2452 vim
518 2382 692 2473 praedicati
713 2390 744 2452 et
764 2381 898 2452 actionis
919 2381 1098 2452 accuratius
1117 2382 1375 2453 constituendam

262 2503 301 2568 'et
317 2498 510 2590 explendam
524 2498 699 2581 adduntur,
720 2505 887 2589 ponuntur
910 2498 943 2567 in
966 2499 1158 2569 accusativo.
1183 2502 1247 2568 Res
1264 2499 1373 2590 igitur,

270 2614 487 2705 salpensem,
509 2614 559 2684 rel
577 2614 667 2685 locus
696 2614 729 2684 in
749 2634 846 2704 quem
866 2613 948 2684 actio
971 2613 1130 2705 dirigitur,
1162 2635 1259 2706 quem
1283 2614 1376 2706 quasi

270 2748 304 2800 se
324 2730 512 2821 explicando
533 2729 747 2821 amplectitur,
769 2727 805 2798 iu
824 2729 1004 2801 accusativo
1024 2729 1167 2819 ponitur.

313 2845 437 2917 Euhan
463 2846 634 2917 accusativi
657 2846 788 2917 notione
818 2844 960 2937 generali
990 2844 1134 2916 diversae
1156 2846 1308 2917 rationes'
1322 2867 1376 2917 va-

270 2962 400 3052 riaeque
422 2962 677 3048 constructiones
705 2961 829 3032 facilius
860 2960 1097 3052 intellegentur.
1132 2962 1264 3032 Diversa
1290 2962 1376 3032 onim

271 3077 442 3148 accusativi
460 3097 578 3170 genera
596 3077 775 3148 secuudum
805 3076 948 3147 diversas
973 3077 1126 3160 rationes,
1157 3076 1276 3168 quihus
1294 3077 1376 3148 actio

272 3213 306 3264 so
325 3193 463 3284 explicat
480 3203 556 3287 suut
570 3192 805 3264 constituenda.

436 3605 504 3690 §t
526 3643 566 3652 -
584 3606 793 3674 Acoosnrrvus
813 3621 888 3672 rosr
910 3621 1008 3673 vuum
1026 3621 1218 3674 rnrnsrrrra.

316 3908 353 3974 ln
376 3904 556 3975 accusativo
584 3905 716 3995 ponitur
739 3903 899 3974 obiectum
923 3902 1095 3973 verborum
1123 3902 1377 3986 transitivorum

274 4018 389 4103 idest,
420 4040 560 4110 persona
589 4020 638 4090 vel
660 4038 819 4120 resquac
849 4018 973 4088 actione
1002 4019 1155 4090 continuo
1179 4019 1321 4111 tangitur
1349 4027 1381 4088 et

274 4133 422 4205 afficitur.
442 4136 610 4206 decutirus
625 4135 800 4226 respondet
816 4134 856 4204 ad
870 4134 1138 4226 interrogationes
1155 4144 1267 4224 qoem?
1282 4138 1381 4223 quid?

273 4255 310 4321 ln
333 4250 393 4321 hac
410 4252 590 4324 accusativi
620 4252 781 4322 obiectum
806 4250 979 4321 verborum
1002 4251 1245 4321 transitivorum
1273 4251 1381 4341 expri-

274 4368 391 4438 mentis
405 4368 642 4438 constructione
656 4387 722 4438 non
734 4365 813 4436 mihi
827 4366 1067 4437 immorandum
1082 4367 1218 4436 videtur.
1236 4372 1380 4457 Longum

275 4483 361 4552 enim
381 4491 412 4553 et
441 4482 536 4573 plane
560 4483 672 4552 inutile
698 4489 784 4552 esset
806 4501 920 4576 omnes
943 4481 1057 4551 afferre
1076 4481 1176 4565 locos,
1209 4481 1381 4572 inquibus

275 4599 433 4690 Vergilius
451 4599 531 4668 nihil
550 4599 590 4669 ab
609 4598 767 4689 pedestris
786 4597 941 4668 orationis
961 4617 1024 4667 usu
1041 4597 1212 4688 discrepat.

320 4715 514 4785 Notandum
529 4723 637 4785 tamen
656 4734 728 4784 esse
758 4713 908 4783 existimo
940 4712 1021 4783 hanc
1047 4713 1151 4804 poetis
1184 4722 1216 4783 et
1244 4713 1382 4806 Vergilio
