3490 5604
691 590 884 657 —ltl—

241 773 335 858 pepo.
356 791 374 836 u
393 771 450 852 ΙΙΙ,
471 771 534 838 693
553 789 571 836 e
589 771 710 838 Nemeo
722 769 827 836 dicere
842 765 967 858 priores
986 767 1165 854 Ortppium.
1178 788 1196 834 u
1211 767 1279 848 Vll,
1296 770 1337 836 63

241 888 474 975 Laurentisque
490 881 530 952 ab
548 902 586 953 ea
601 903 711 952 onmem
721 885 859 972 posuisse
876 879 1011 952 colonis.
1029 902 1047 948 u
1068 882 1105 949 G.
1124 884 1150 963 Ι,
1168 884 1231 950 t38
1246 902 1264 947 «
1279 885 1340 950 Na-

243 998 308 1068 vita
325 1006 394 1067 tum
417 997 518 1068 stellis
537 1017 690 1068 numeros
709 1005 741 1067 et
759 996 890 1067 nomina
912 995 996 1078 lecit,
1016 997 1174 1076 Pleiadas,
1193 998 1338 1084 reputes,

244 1113 426 1204 claramque
446 1113 600 1204 Lycaonis
618 1114 744 1184 Arctoe.
767 1135 785 1181 u
803 1112 848 1182 cl.
867 1111 933 1182 Liv.
954 1116 981 1195 Ι,
1005 1116 1037 1195 Ι,
1061 1116 1096 1180 tl
1128 1133 1145 1178 v
1166 1111 1223 1181 Cui
1243 1116 1341 1182 Asco-

243 1230 335 1298 uiem
350 1249 460 1298 nomem
478 1240 626 1320 parentes
643 1230 759 1297 dicere.
778 1252 796 1296 »

289 1343 459 1415 Genetivus
473 1345 568 1415 etiam
582 1344 744 1414 invenitur
759 1344 862 1414 Plaut.
880 1342 996 1433 Amph.
1017 1341 1103 1413 Prol.
1125 1347 1166 1410 te
1186 1365 1204 1409 «
1224 1347 1343 1414 Nemee

245 1461 386 1532 Mercuri
402 1467 451 1531 est
468 1459 559 1529 mihi.
577 1459 672 1529 »Sed
687 1458 818 1551 propria
835 1466 866 1528 et
879 1477 1033 1550 germana
1049 1457 1233 1528 Latinorum
1249 1477 1343 1528 cons-

245 1574 361 1645 tructio
379 1582 428 1644 est
442 1573 579 1644 dativus.
900 1639 903 1646 .
1231 1631 1232 1636 ,

173 1681 175 1686 ’
289 1694 365 1760 Post
379 1693 447 1760 ticet
461 1711 534 1761 cum
548 1691 645 1763 verbo
660 1689 785 1762 infinito
800 1690 941 1760 dativum
957 1689 1006 1760 vel
1021 1689 1236 1760 accusativum
1252 1709 1345 1780 prae-

246 1803 341 1875 dicati
358 1805 459 1877 Latini
477 1813 664 1877 construere
683 1805 799 1877 solent.
822 1810 967 1876 Ceterum
986 1826 1072 1876 unus
1093 1813 1143 1876 ost
1160 1804 1250 1875 locus
1269 1807 1347 1874 Ver-

247 1921 325 2012 gilii,
346 1921 402 1991 uhi
419 1921 481 1993 hoc
499 1921 633 1992 verbum
649 1923 719 1992 licet
732 1923 766 1992 in
783 1923 942 1994 eiusmodi
960 1923 1179 1995 enuntiatione
1195 1921 1345 2004 occurrit,

247 2057 352 2128 neque
370 2045 516 2109 auctores
538 2039 755 2122 consentuint,
778 2060 852 2109 cnm
870 2039 924 2108 alii
943 2038 1170 2120 accusativum,
1192 2037 1246 2107 alii
1266 2036 1348 2106 dati-

247 2173 322 2223 vum
335 2153 462 2224 volunt:
479 2157 515 2224 A.
530 2159 568 2236 Χ,
586 2159 627 2224 47
647 2177 665 2222 (<
680 2157 785 2226 Liceat
799 2155 959 2225 dimittere
977 2154 1023 2224 ab·
1034 2153 1132 2223 armis
1150 2152 1348 2222 incolumem

247 2268 429 2351 Ascanium,
451 2271 542 2339 lioeut
566 2289 736 2360 superesse
767 2253 914 2360 nepotem.
947 2293 965 2338 u
993 2269 1145 2340 Heinsius
1168 2268 1350 2339 coniectura

247 2392 355 2455 censet
367 2387 468 2473 nepoti
481 2409 492 2468 ,·
510 2383 700 2476 Forbigerus
714 2384 795 2454 hanc
808 2385 957 2477 Wagneri
973 2384 1211 2455 adnotationem
1227 2382 1323 2454 relert
1339 2406 1346 2451 :

248 2523 267 2568 c
281 2505 349 2571 Non
363 2510 413 2571 est
425 2500 511 2570 idem
527 2502 618 2570 liceut
630 2503 733 2590 mpott
747 2510 779 2571 et
789 2515 926 2590 mpetum
940 2521 1109 2593 superesse
1128 2525 1136 2570 :
1153 2500 1233 2570 illud
1248 2501 1349 2570 valet:

248 2616 289 2686 da
305 2617 366 2688 hoc
384 2617 491 2708 nepoti
510 2625 546 2686 ut
565 2618 717 2708 supersit,
745 2618 806 2689 hoc
824 2628 958 2690 contra:
980 2619 1021 2688 da
1037 2619 1097 2690 hoc
1116 2619 1208 2702 mihi,
1228 2626 1265 2687 ut
1293 2637 1350 2687 su·
1430 2693 1433 2702 ⁵

247 2732 348 2822 persit
379 2751 492 2822 napea,
521 2751 657 2822 eamque
686 2734 878 2804 sententiam
895 2734 1031 2824 requirit
1057 2734 1110 2804 hic
1132 2734 1234 2804 locus.
1262 2756 1280 2801 »
1301 2732 1347 2803 ot.
1401 2801 1405 2809 ,
1447 2816 1449 2822 ¹

249 2852 362 2938 Zumpt
377 2849 395 2935 ξ
409 2852 465 2916 6οΙ
490 2870 498 2930 ;
520 2850 654 2938 liniger,
671 2852 738 2919 Lat.
759 2851 867 2918 Gram.
884 2851 903 2937 §
921 2853 985 2920 tae
1001 2873 1008 2933 ;
1025 2849 1129 2919 Madv.
1150 2851 1169 2937 ξ
1187 2835 1348 2919 393-389.

250 2963 342 3046 Quod
358 2971 466 3033 autem
480 2963 519 3032 ad
538 2963 627 3033 verbi
645 2952 761 3033 infiniti
778 2962 957 3034 subiectum
977 2965 1100 3046 attinet,
1123 2963 1172 3034 vel
1192 2963 1224 3032 in
1244 2962 1350 3033 dativo

250 3079 300 3150 vel
317 3079 411 3150 etiam
430 3079 463 3148 in
481 3077 659 3149 accusativo
678 3079 828 3169 ponitur:
855 3102 873 3146 e
891 3081 959 3149 licet
975 3081 1166 3149 Themistocli
1185 3098 1256 3149 esse
1272 3079 1351 3148 otio-

250 3215 332 3266 sttm.
350 3218 367 3264 u
398 3194 446 3265 vel
475 3198 581 3264 otioso.
603 3217 621 3262 »
646 3204 678 3264 et
697 3217 714 3262 t<
731 3197 799 3264 licet
824 3198 1051 3265 Themistoclem
1075 3215 1147 3267 esse
1171 3197 1315 3266 otiosum.
1332 3217 1350 3262 »

252 3311 366 3381 Omnia
387 3311 517 3401 Vergilii
549 3310 695 3400 exempla
730 3311 872 3382 dativum
901 3311 1019 3383 habent
1036 3335 1043 3382 :
1062 3317 1114 3380 ·Ε.
1135 3315 1219 3394 ΙΙΙΙ,
1241 3315 1293 3381 9«
1313 3314 1352 3381 li-

251 3442 318 3499 ceut
347 3429 426 3496 mttt
452 3435 555 3497 totum
586 3426 669 3497 terro
702 3446 759 3517 per
782 3427 894 3498 orbem
918 3439 974 3499 tua
1005 3427 1158 3499 carmina.
1180 3450 1198 3496 u
1232 3431 1267 3496 A.
1296 3431 1350 3509 IX,

253 3548 348 3612 t39e
367 3547 431 3612 Nec
448 3540 526 3612 solis
542 3543 611 3610 licet
628 3561 741 3630 capere
757 3562 847 3612 arma
860 3545 1011 3631 Mycenis.
1027 3570 1042 3609 o
1061 3546 1097 3612 A.
1113 3547 1152 3626 ΙΙ,
1169 3545 1233 3611 347
1249 3568 1264 3606 o
1286 3544 1354 3610 Titi

252 3675 346 3727 casus
371 3656 504 3727 evadere
530 3657 604 3726 lcrri
628 3656 719 3739 Quod
750 3659 840 3727 licuit
859 3677 971 3746 pereo.
997 3682 1012 3720 o
1035 3661 1105 3741 ΙΙΙΙ,
1124 3662 1232 3727 785„
1260 3656 1352 3739 Quod

253 3776 360 3844 Venus
376 3775 493 3844 audaci
506 3775 668 3862 Nymphae
683 3771 848 3864 indignata
861 3775 960 3844 licere.
980 3800 1002 3836 -»

298 3889 342 3959 ct.
360 3893 438 3962 Hor.
455 3893 488 3958 S.
504 3894 530 3972 Ι,
551 3895 583 3973 2,
605 3895 641 3959 m
660 3912 677 3956 «
692 3892 731 3959 At
746 3888 798 3959 hic
812 3889 839 3959 si
855 3909 920 3981 qua
938 3909 1002 3973 res,
1018 3910 1082 3980 qua
1096 3889 1175 3959 ratio
1191 3888 1351 3970 suaderet,

252 4023 383 4096 quaque
399 4003 545 4075 modeste
575 4005 721 4092 mortifico
740 4022 812 4074 esse
840 4005 919 4073 licet.
938 4027 955 4072 v
989 4007 1022 4074 S.
1043 4009 1070 4089 Ι,
1099 4009 1130 4087 Ι,
1152 4008 1232 4072 lte«
1259 4003 1354 4093 Atqui

254 4122 324 4190 licet
342 4139 414 4190 esse
426 4122 532 4190 tectis.
550 4143 568 4188 u

298 4236 344 4306 Ad
376 4236 457 4306 hanc
489 4235 683 4308 attractionis
703 4236 841 4327 speciem
878 4237 989 4308 reterri
1006 4244 1111 4327 potest
1137 4239 1173 4304 A.
1203 4238 1257 4320 ΙΙΙ,
1292 4240 1353 4336 405

257 4356 445 4422 «Parceret
478 4353 647 4442 hospitibus
673 4351 837 4443 quondam
864 4355 1041 4442 soceroque
1073 4352 1241 4422 vocatu.»
1271 4352 1357 4420 Haec
1464 4361 1467 4372 ’

257 4467 400 4538 attractio
420 4467 591 4558 praedicati
619 4476 693 4558 post
710 4467 857 4558 particip.
878 4468 959 4558 peri.
977 4468 1082 4540 solum
1097 4467 1131 4536 in
1148 4466 1304 4539 nominat.
1325 4474 1357 4536 et

251 4604 323 4658 acc.
338 4583 408 4660 ficri
422 4585 514 4672 sotet,
529 4585 631 4658 rarior
643 4584 676 4658 in
691 4583 928 4666 constructione
944 4582 1041 4658 altlat.
1060 4581 1359 4670 absol.,·rarissima
