3528 5604
474 1309 477 1317 ·
569 1249 571 1254 ’
657 1280 710 1338 ou
727 1278 892 1340 casuuu
913 1280 1083 1340 sxuxnxr
1120 1265 1124 1274 '

581 1425 1147 1663 ‚uersuum
1232 1648 1235 1655 ,

928 1415 930 1428 t

921 1659 924 1676 t

688 2315 691 2323 Ι
724 2178 1026 2318 Pnoouuruu

871 2455 886 2522 1

473 2777 474 2782 Ἰ
547 2719 585 2770 ΒΕ
608 2717 790 2771 Punusuuxrs
806 2718 1034 2771 nrsruxnxlorus
1053 2718 1209 2772 urrunnu

375 3033 629 3125 Disputationem
658 3032 740 3103 hano
769 3031 809 3103 de
834 3031 1013 3124 Vergiliana
1040 3051 1174 3104 easuurn
1197 3033 1334 3124 syntaxi,
1367 3034 1427 3105 etsi

332 3147 462 3218 maioris
480 3135 599 3218 laboris
618 3159 715 3237 quarn
732 3146 884 3237 ponderis
903 3165 974 3217 esse
994 3146 1105 3229 fateor,
1120 3166 1186 3217 non
1203 3154 1311 3218 tamen
1329 3145 1428 3217 inuti-

332 3263 395 3334 lem
415 3276 508 3355 spero
528 3262 595 3334 lore
613 3262 653 3332 ad
671 3261 849 3333 orationem
868 3249 996 3354 Vergilii
1015 3272 1099 3333 reete
1116 3261 1347 3353 explicandam.
1366 3265 1429 3333 lleo

252 3465 253 3468 Ἴ
323 3391 384 3449 ‘me
403 3378 531 3470 quidem
556 3377 636 3448 lallit
658 3388 755 3469 quam
773 3375 994 3468 imperleotum
1006 3387 1049 3447 'et
1066 3377 1210 3448 ieiunum
1229 3377 1271 3448 sit
1289 3393 1430 3469 opuseu-

332 3494 412 3564 lum.
432 3496 511 3564 llam
528 3499 565 3563 ut
586 3492 681 3584 plane
707 3491 886 3584 Vergiliana
910 3491 1011 3564 oratio
1032 3492 1260 3583 comprehendi
1282 3500 1430 3584 reeteque

333 3608 474 3700 intellegi
493 3604 606 3699 possit,
627 3624 757 3679 neeesse
770 3607 896 3679 ridetur
918 3616 955 3678 ut
972 3607 1092 3691 omnia,
1113 3624 1195 3699 quae
1213 3608 1253 3678 ad
1272 3608 1430 3698 syntaxim

334 3743 393 3795 seu
415 3724 586 3795 verborum
608 3724 878 3795 constructionem
901 3723 1072 3813 pertinent,
1097 3723 1320 3794 dissertatione
1343 3725 1431 3795 omni

335 3838 441 3910 studio
472 3838 635 3910 elaborata
667 3837 878 3920 illustrentur,
917 3856 999 3927 quae
1031 3846 1108 3908 tuno
1140 3837 1270 3908 demum
1303 3839 1431 3930 Vergilii
1484 3917 1486 3925 ¹

335 3953 541 4046 grammatica
574 3953 677 4045 possit
699 3952 815 4024 vetari.
850 3957 887 4021 ln
920 3951 980 4022 hae
1007 3972 1081 4024 vero
1104 3953 1269 4024 tractanda
1298 3955 1432 4024 materia

241 4052 244 4056 ’
335 4089 468 4162 pergere
486 4069 565 4140 mihi
587 4070 620 4140 in
639 4069 746 4140 animo
765 4077 825 4152 est,
845 4089 980 4160 eamque
1006 4088 1075 4139 rem
1093 4069 1258 4140 instituam
1274 4077 1310 4140 ut
1331 4077 1430 4140 totam

279 4185 284 4192 ’
335 4186 546 4277 vergilianam
569 4184 727 4277 syntaxim
741 4184 891 4255 continua
909 4183 1124 4275 disputatione
1143 4199 1318 4276 persequar
1336 4194 1432 4276 atque

336 4310 456 4372 ceteras
470 4301 667 4392 Vergilianae
685 4299 838 4370 orationis
860 4299 1071 4389 proprietates
1089 4299 1200 4370 eadem
1223 4300 1346 4369 ratione
1364 4300 1432 4370 dis-

337 4417 474 4509 quiram,
496 4436 560 4509 qua
576 4435 662 4487 nuno
674 4417 820 4508 'primum
839 4415 899 4486 hoo
917 4422 1011 4506 eaput
1024 4419 1060 4484 de
1073 4433 1207 4486 casuum
1222 4436 1284 4486 uso
1296 4416 1430 4488 exsolvi.

381 4533 509 4625 siquis
540 4553 614 4605 xero
646 4530 829 4623 opinabitur
854 4551 907 4602 me
938 4549 1006 4602 rem
1026 4551 1156 4622 parvam
1187 4550 1304 4623 magno
1323 4531 1432 4604 labore

332 4649 486 4724 'molitum
509 4654 610 4734 esse,
627 4649 856 4741 vulgaremque
877 4647 965 4719 illam
988 4646 1225 4722 exeusationem
1248 4647 1434 4740 praetendet
