3528 5604
699 675 799 742 ..64
829 709 870 722 .-

235 872 300 944 que
314 878 329 917 n
354 855 393 922 nt
409 852 510 921 utres
541 854 673 923 ultuset
697 872 792 924 saeva
822 849 994 922 sonoribus
1022 868 1168 919 omno.»
1202 851 1271 931 ΙΙΙΙ,
1293 841 1335 918 25

237 984 255 1028 u
277 965 341 1033 Nec
367 984 461 1051 percos
483 965 649 1033 indecores.
673 988 691 1032 r
717 971 754 1047 v,
775 970 839 1036 285
859 988 877 1031 «
898 968 1009 1034 Cressa
1034 964 1129 1052 penus
1144 962 1264 1034 Pholoe
1285 985 1302 1030 »
1324 985 1332 1042 ;

236 1082 320 1161 VIII,
339 1083 400 1148 llll
421 1101 438 1146 (1
460 1082 628 1168 0119611113
644 1084 659 1149 Τ
684 1106 701 1148 1)
726 1101 838 1173 glaessss
856 1104 863 1148 :
882 1099 946 1158 τίνες
956 1095 1011 1151 ἐστε
1021 1095 1108 1170 pirum

280 1194 380 1266 Paulo
398 1203 506 1266 amen
524 1196 687 1268 audaciori
706 1197 969 1288 interpretatione
985 1205 1123 1267 utuntur
1137 1196 1241 1288 quill.
1258 1199 1300 1278 ΙΙ,
1317 1199 1336 1263 3

239 1333 257 1378 u
284 1316 420 1381 Tantum
439 1311 523 1382 inter
553 1312 683 1396 densas,
715 1317 864 1383 umbroso
893 1315 1072 1395 cacumine,
1094 1312 1183 1404 lagos
1208 1336 1225 1380 n
1249 1331 1338 1382 cum-

238 1436 326 1496 mata
343 1426 461 1498 tollunt
483 1437 515 1498 et
532 1429 645 1499 volunt
663 1433 811 1498 omoruso
830 1432 999 1498 cacumine
1012 1428 1220 1499 aucusitivum
1248 1447 1339 1520 grae-

239 1564 314 1613 cum
338 1563 410 1614 esse
434 1546 581 1614 aduncos
603 1545 810 1635 pendentem,
827 1557 865 1615 ut
895 1545 927 1614 in
960 1567 977 1612 «
1013 1565 1049 1615 us
1068 1563 1262 1635 umerosque
1281 1544 1341 1615 deu

241 1659 368 1729 similis.
388 1682 405 1727 »
421 1660 483 1730 Sed
497 1680 538 1730 ne
552 1681 604 1731 res
618 1662 662 1730 ita
679 1662 720 1731 sit
734 1663 797 1731 iam
816 1661 888 1752 ipsa
900 1681 1034 1732 caesura
1052 1661 1196 1752 impedit.

285 1781 370 1847 Haec
395 1778 565 1847 accusativi
592 1778 748 1848 limitativi
769 1786 843 1870 pust
868 1778 1023 1849 adiectiva
1045 1777 1238 1848 constructio
1257 1776 1342 1867 apud

241 1912 371 1983 graecus
385 1892 655 1983 frequentissima,
677 1895 818 1984 primum
835 1895 922 1984 apud
940 1891 1069 1964 Latinus
1090 1901 1193 1964 aetate
1209 1892 1344 1985 Augusti

241 2016 384 2098 apparet,
413 2017 445 2078 et
471 2008 602 2099 quidem
621 2010 653 2079 in
673 2010 798 2099 poetica
823 2010 966 2100 primum
993 2011 1114 2104 lingua,
1133 2010 1252 2081 aLiviu
1267 2029 1344 2080 veru

243 2123 339 2192 etiam
354 2123 386 2191 in
403 2143 533 2212 prusam
547 2126 725 2196 orationem
741 2125 915 2195 inducitur.

287 2236 332 2306 Cl.
362 2241 440 2306 Hur.
458 2237 517 2307 0d.
536 2242 593 2315 ΙΙΙ,
617 2244 669 2321 tu,
690 2245 731 2308 18
760 2263 778 2306 u
802 2244 865 2309 Nec
878 2239 997 2310 Mauris
1011 2242 1156 2310 cosmon
1168 2241 1345 2309 1111111111-

245 2352 374 2442 gnibus.
391 2376 409 2420 n
425 2353 515 2422 Ovid.
531 2358 605 2422 Met.
622 2357 690 2436 Vll,
708 2358 769 2422 183
788 2376 806 2420 u
822 2355 1038 2442 compedem.
1055 2375 1073 2420 »
1092 2357 1164 2422 Tac.
1180 2355 1287 2422 Germ.
1304 2353 1344 2418 17

246 2489 264 2533 u
278 2467 415 2537 laminae
433 2471 537 2537 nodoe
553 2471 684 2538 bruelio
698 2483 726 2538 et
745 2472 887 2539 lacertus.
905 2492 923 2536 »
942 2469 1025 2539 Hist.
1051 2472 1103 2552 lv,
1124 2473 1159 2536 81
1185 2490 1203 2535 «
1215 2488 1346 2537 munero

247 2603 351 2670 negor.

290 2995 398 3080 111.-
411 2997 620 3066 Aucusnmrus
635 3012 758 3064 tuctus
781 3012 854 3063 rusr
873 3012 972 3064 vnum
994 3012 1099 3064 norun
1117 3012 1300 3064 rnnrcnnrn.

291 3299 367 3365 Post
384 3293 481 3366 verba
494 3286 619 3366 motum
638 3294 820 3378 indicantia,
839 3315 913 3366 cum
926 3295 1133 3388 interrogatio
1146 3293 1183 3365 fit
1195 3313 1253 3384 per
1265 3302 1349 3382 unu?

248 3408 380 3479 numina
402 3409 532 3478 urbium
550 3419 580 3479 et
599 3431 769 3501 parvarum
790 3410 969 3481 insularum
995 3429 1078 3501 quae
1102 3409 1201 3480 unam
1223 3419 1349 3480 tantum

249 3524 362 3594 urbem
388 3523 593 3615 (plerumque
621 3525 734 3595 eudem
767 3526 897 3596 numine
923 3526 1136 3617 designatam)
1173 3525 1348 3606 continent,

250 3639 333 3709 sicut
347 3648 379 3710 et
396 3661 465 3722 cos,
486 3643 607 3724 dumos,
628 3642 661 3710 in
680 3642 859 3712 accusativo
880 3651 1046 3733 reguntur,
1074 3651 1106 3712 et
1134 3641 1241 3712 lucum
1268 3637 1352 3708 indi-

250 3764 324 3825 cant
333 3756 373 3826 ad
388 3776 485 3846 quem
499 3758 602 3828 tendit
615 3758 695 3829 actio
711 3758 808 3828 eundi
822 3758 871 3827 vel
886 3767 993 3828 mutus
1006 3758 1164 3850 dirigitur.
1178 3755 1351 3848 «Regulus

251 3877 473 3962 uaccouptoem
499 3875 603 3946 rediit.
627 3900 644 3944 »
666 3881 844 3965 «Cupitum
868 3874 966 3945 flectit
986 3874 1047 3945 iter
1075 3874 1222 3945 Annibal.
1246 3895 1263 3940 »
1283 3872 1349 3940 Liv.

250 3991 384 4072 xxxvl,
402 3993 455 4074 Aa,
477 4013 495 4058 u
510 3994 621 4061 Delum
640 3991 772 4061 traiecit.
796 4015 813 4058 »
829 4029 870 4041 -
890 3991 923 4060 si
946 4011 1021 4062 nero
1036 3991 1126 4062 luuus
1140 3998 1264 4059 tantum
1280 3985 1352 4057 urbi

252 4103 418 4193 proximus
443 4105 650 4196 significatur,
675 4115 744 4176 tum
778 4105 973 4196 praepositio
997 4109 1042 4176 ud
1064 4105 1154 4176 urbis
1181 4113 1213 4174 et
1228 4103 1352 4173 insulae

252 4218 375 4288 nomini
400 4219 545 4291 adicitur.
561 4222 622 4293 Cic.
644 4226 709 4292 Cat.
731 4222 807 4290 mai.
834 4225 853 4289 t
881 4221 1181 4292 «Adulescentulus
1200 4218 1293 4288 miles
1311 4221 1361 4288 od.

253 4338 396 4422 Capuam
408 4335 570 4425 proiectus
592 4358 676 4407 sum.
694 4360 712 4404 r
727 4339 782 4426 (=
796 4337 829 4405 in
842 4345 947 4406 castra
961 4337 1046 4427 apud
1065 4339 1205 4426 Capuam
1219 4334 1350 4425 posita).

255 4488 295 4498 -
312 4449 344 4518 si
358 4469 476 4521 nomen
501 4451 729 4543 appellativum
749 4454 835 4534 uros,
858 4455 1007 4541 oppidum
1027 4459 1100 4521 ante
1119 4469 1238 4520 numen
1262 4448 1353 4519 urbis

253 4564 395 4654 punitur,
416 4574 492 4637 tunc
516 4587 627 4658 praep.
663 4566 858 4658 adiungitur,
888 4566 964 4636 Sall.
996 4571 1071 4659 Jng.
1099 4569 1204 4635 1021
1234 4563 1353 4634 Consul

253 4681 444 4772 pervenitis
464 4686 612 4772 oppidum
634 4686 767 4755 Circum.
790 4705 809 4752 »
834 4682 925 4764 Quod
950 4681 1019 4754 lieri
1038 4683 1134 4790 etiam
1152 4680 1245 4766 solet,
1278 4699 1352 4754 uum
