3490 5604
919 611 1026 688 ..¹93
1049 654 1091 668 ..

456 802 594 876 ridetur.
613 805 768 874 censeam
785 796 871 872 enim
889 818 963 871 cum
980 797 1165 892 Forbigero,
1186 797 1384 892 Coningtone
1405 808 1439 872 et
1457 804 1558 872 Drae-

344 941 345 944 ’
456 939 533 1014 gero
548 918 683 1008 (Hister.
704 925 788 1010 synt.
808 921 835 1000 Ι,
855 937 889 1009 p.
906 918 984 1007 454)
1002 935 1073 986 eam
1091 935 1164 987 esse
1177 935 1324 1008 graecam
1342 919 1558 989 constructio·
1611 1009 1620 1016 .

456 1056 543 1120 nem,
560 1035 642 1108 sieut
654 1042 687 1105 et
700 1033 819 1104 multas
835 1032 913 1102 alias
932 1019 1068 1124 genetivi
1086 1031 1341 1104 constructiones
1359 1043 1433 1124 post
1451 1034 1558 1104 adiec-

455 1149 531 1234 tiva,
551 1169 632 1241 quas
645 1167 744 1239 supra
756 1146 906 1218 vidimus.
922 1145 1104 1218 Notandum
1122 1146 1208 1217 enim
1222 1155 1272 1218 est
1287 1145 1347 1216 hos
1361 1147 1557 1238 graecismus

455 1269 533 1333 tunc
546 1262 688 1353 primum
703 1260 789 1351 apud
807 1279 863 1332 eos
881 1268 992 1350 poetas
1009 1278 1189 1343 occurrere,
1210 1260 1265 1351 qui
1292 1261 1413 1352 graecis
1441 1261 1558 1332 litteris

456 1376 571 1448 imbuti
598 1377 784 1470 graecisque
811 1375 1049 1468 exemplaribus
1073 1375 1236 1448 informati
1256 1377 1388 1448 latinam
1412 1378 1558 1470 liugnam

456 1511 644 1584 graecorum
664 1491 840 1564 imitatione
857 1511 1014 1562 exornare
1031 1500 1063 1562 et
1080 1493 1174 1583 quasi
1190 1491 1321 1563 reficere
1348 1493 1555 1564 studuerunt.

499 1608 546 1679 Ad
558 1627 704 1701 graecam
717 1607 877 1699 syntaxim
890 1607 986 1680 etiam
1000 1606 1166 1679 reserenda
1179 1617 1254 1680 sunt
1268 1608 1353 1699 apud
1367 1609 1556 1702 Vergilium:

456 1727 492 1794 Α.
519 1725 558 1807 ΙΙ,
588 1727 645 1793 444
676 1745 694 1790 a
718 1731 846 1814 tempus
869 1723 1010 1792 desistere
1023 1741 1200 1812 pogoou»
1230 1725 1379 1816 (graeoe:
1402 1741 1560 1815 aaronem

456 1855 509 1917 τὴς
528 1839 661 1929 μάχης)·

499 1952 591 2044 Apud
609 1952 778 2024 Horatium
795 1951 993 2045 frequentior
1006 1972 1111 2024 usus:
1134 1953 1193 2024 0d.
1213 1957 1256 2036 ΙΙ,
1278 1958 1310 2036 9,
1334 1955 1375 2024 47
1403 1975 1422 2021 «
1448 1955 1560 2022 Desine

457 2069 604 2140 mollium
632 2067 761 2140 tandem
779 2071 990 2157 querelarum.
1017 2091 1035 2137 »
1055 2071 1113 2152 111,
1143 2073 1197 2151 47,
1227 2073 1267 2138 46
1288 2091 1306 2136 u
1327 2072 1405 2139 Cum
1425 2068 1560 2138 famulis

425 2173 432 2192 '
456 2204 584 2275 operum
605 2186 715 2254 soteris
742 2207 759 2252 n
785 2186 914 2272 (motem
935 2202 1009 2254 cum
1027 2185 1117 2275 gen.)
1141 2187 1199 2267 ΙΙΙ,
1217 2187 1271 2266 27,
1297 2188 1339 2254 69
1363 2206 1382 2251 c
1405 2186 1560 2254 abstineto

457 2302 595 2370 irarum.
613 2323 631 2368 a
650 2303 692 2382 ΙΙ,
710 2304 763 2382 43,
780 2304 821 2368 38
840 2322 858 2367 «
879 2301 1022 2369 laborem
1035 2300 1201 2390 decipitur,
1219 2321 1238 2367 a
1256 2307 1315 2370 etc.

499 2419 569 2485 Huc
583 2415 720 2506 pertinet
744 2415 909 2507 genetivus
936 2414 1187 2498 exclamationis,
1209 2415 1300 2486 cuius
1320 2414 1445 2488 nullum
1471 2415 1560 2504 apud

455 2530 630 2622 Vergilium
648 2531 832 2621 exemplum
848 2529 1020 2614 invenitur,
1042 2529 1097 2601 sed
1117 2529 1278 2621 singulare
1296 2529 1358 2600 hoc
1379 2529 1465 2621 apud
1479 2533 1561 2600 Pro-

385 2675 388 2682 ·
456 2645 596 2738 pertium
622 2650 659 2730 V,
685 2651 765 2717 tn«
791 2647 931 2716 Foederis
949 2645 1037 2718 heut
1063 2645 1171 2716 tacitit
1199 2669 1218 2713 o
1241 2664 1376 2737 graece:
1402 2655 1427 2716 οἷ
1445 2681 1488 2736 μοι
1509 2667 1562 2738 gae

456 2773 566 2848 ononida
575 2779 581 2834 !
