3528 5604
734 635 905 702 ..83-

273 810 318 882 uii
332 810 449 883 obstat.
466 814 502 879 Ε.
519 813 602 892 VIII,
618 815 654 880 50
686 831 704 877 0
721 814 837 889 aereae
852 809 982 902 frigora.
1010 831 1027 877 0
1053 812 1090 878 G.
1110 812 1137 892 Ι,
1158 815 1266 880 0580
1287 809 1320 879 si
1339 817 1370 879 te

273 926 369 1018 digna
395 934 504 997 manet
529 925 627 996 divini
653 926 891 1018 gloriareris»
911 926 971 1014 (=
990 943 1073 1015 quae
1091 924 1149 994 tibi
1168 944 1207 995 ex
1225 943 1311 1008 rure,
1333 944 1372 994 ex

239 1121 243 1129 ¹
273 1041 358 1132 agris
372 1039 514 1112 colendis
533 1039 683 1128 eveniet).

305 1156 362 1234 di.
378 1160 470 1227 Lacr.
491 1160 519 1239 Ι,
536 1161 599 1228 302
624 1156 771 1233 «Multis
795 1158 869 1232 solis
894 1153 1104 1226 redeuntibus
1132 1153 1224 1225 annis
1244 1177 1261 1222 »
1282 1153 1373 1242 (anni

273 1273 349 1344 solis
362 1304 405 1334 =
418 1273 493 1345 anni
505 1273 562 1365 qui
579 1273 647 1344 sole
661 1273 892 1346 circumvoluto
911 1271 1120 1361 efficiuntur).
1354 1255 1360 1268 ”

318 1390 362 1461 cf.
380 1395 472 1482 Verg.
488 1393 523 1459 Α.
537 1394 594 1473 ΙΙΙ,
609 1394 672 1460 080
686 1410 869 1482 «magnum
883 1389 931 1482 sol
944 1389 1203 1460 circumvolvitur
1216 1408 1373 1459 annum.»
1403 1411 1406 1418 ·

274 1509 369 1596 Prop.
391 1509 417 1589 Ι,
440 1511 493 1589 05,
522 1511 535 1576 Ι
561 1528 579 1573 0
598 1509 699 1596 Saepe
713 1524 771 1596 ego
788 1506 890 1586 multa
907 1519 980 1576 tace
997 1497 1132 1575 devitatis
1150 1505 1268 1576 damna
1281 1505 1375 1574 time-

274 1621 361 1692 bam.
381 1645 398 1690 »
415 1625 472 1705 ΙΙΙ,
489 1626 522 1704 9,
539 1625 581 1696 02
596 1644 615 1689 0
628 1623 794 1692 Palladiae
812 1620 939 1712 ligneus
957 1623 1040 1690 artie
1054 1640 1171 1711 equus.
1200 1644 1219 1688 0
1243 1620 1309 1690 Liv.
1330 1624 1372 1703 ΙΙ,

275 1741 330 1820 50,
351 1740 543 1827 iopagaaa
561 1736 679 1808 clades.
700 1760 718 1806 »
734 1741 776 1821 ΙΙ,
794 1743 848 1820 55,
865 1741 884 1806 3
901 1759 919 1804 0
931 1738 1028 1826 plebis
1047 1735 1207 1821 homines.
1226 1759 1244 1806 0

493 2149 512 2237 §
545 2151 576 2217 7.
607 2185 647 2200 -
679 2149 890 2221 Gunurrvas
926 2165 1157 2219 ceruorrvus.

612 2426 656 2496 A.
681 2424 768 2496 Cum
791 2422 1034 2496 substantivis.

320 2660 491 2731 Genetivus
534 2659 710 2732 obiectivus
747 2669 901 2752 tanquam
937 2658 1120 2730 attributiva
1158 2658 1380 2732 determinatio

277 2776 399 2848 nomini
411 2776 570 2847 abstracto
585 2776 802 2868 subiungitur,
819 2785 850 2846 et
864 2775 1040 2850 obiectivus
1054 2774 1279 2860 ideovoeatur,
1293 2777 1380 2868 quod

277 2891 401 2964 obiecto
419 2891 508 2987 verbi
526 2891 700 2983 respondet
731 2892 774 2961 ita
790 2900 838 2974 ut,
860 2891 887 2961 si
906 2910 1025 2962 nomen
1051 2889 1233 2982 genetivum
1267 2911 1381 2982 regens

278 3005 311 3074 in
338 3004 472 3076 verbum
502 3013 751 3088 converteretur,
780 3023 899 3075 nomen
930 3004 963 3073 in
995 3003 1141 3095 genetivo
1176 3003 1262 3074 illius
1294 3002 1382 3075 verbi

278 3117 438 3214 obiectum
454 3117 556 3188 lieret.
575 3118 707 3210 Proprie
726 3117 823 3210 igitur
850 3116 1074 3188 tantummodo
1100 3116 1286 3187 nominibus
1311 3135 1383 3186 ver-

165 3285 176 3308 .
278 3231 417 3315 batibus,
435 3231 542 3316 idest,
558 3221 729 3322 inquibus
746 3231 1089 3315 inestnotioactiouis‚
1106 3239 1138 3302 et
1156 3231 1286 3322 quidem
1295 3229 1384 3300 verbi

278 3347 436 3418 transitivi
454 3346 621 3438 genetivus
640 3346 694 3418 ille
713 3345 866 3437 subiungi
886 3345 1016 3417 deberet
1033 3345 1073 3416 ad
1092 3346 1253 3417 obiectum
1268 3345 1384 3417 transi-

279 3463 382 3556 tivum
394 3463 641 3557 desigpandum.
659 3464 722 3534 Sed
737 3463 851 3534 ceteris
866 3463 963 3534 etiam
990 3462 1177 3534 nominibus
1192 3461 1384 3535 intransitivi

280 3579 369 3651 verbi
382 3569 804 3678 notiopem'continentihus
823 3580 989 3672 genetivus
1009 3579 1216 3673 subiungitur
1242 3580 1283 3651 ad
1298 3578 1385 3650 desi-

280 3697 444 3788 guandum
460 3691 621 3772 obiectum
638 3696 737 3788 quod,
755 3696 783 3768 si
800 3717 919 3768 nomen
938 3697 971 3767 in
989 3697 1123 3770 verbum
1143 3698 1304 3781 transiret,
1322 3697 1385 3772 alic

281 3832 363 3883 casu.
373 3812 423 3884 vel
436 3794 532 3884 etiam
543 3810 781 3904 praepositione
795 3831 985 3903 expressum
999 3813 1039 3883 ab
1052 3832 1090 3884 eo
1106 3812 1203 3885 verbo
1217 3814 1384 3905 penderet,

281 3925 312 3998 v.
334 3948 365 4019 g.
398 3950 418 3996 0
445 3921 563 3997 fiducia
591 3947 710 4011 reram,
732 3950 751 3996 »
784 3928 931 4018 quamvis
960 3927 1108 3999 dicatur:
1149 3927 1249 4002 fidere
1276 3930 1385 4012 redas;

282 4065 302 4110 0
321 4042 475 4116 iudicium
490 4045 738 4131 pulchritudinis
753 4066 772 4113 0
787 4066 819 4094 =
834 4042 875 4115 de
891 4044 1142 4136 pulchritudine.

324 4162 393 4231 Non
424 4158 530 4230 solum
555 4168 680 4249 poetae,
706 4158 763 4230 sed
793 4168 826 4230 00
851 4160 990 4250 prosaici
1020 4161 1193 4254 scriptores
1224 4179 1263 4232 ea
1287 4159 1385 4252 paulo

281 4274 444 4360 audaciori
460 4274 697 4347 constructione
712 4275 765 4346 usi
783 4284 871 4347 sunt.
979 4283 981 4287 '
1268 4257 1271 4266 ⁷

326 4391 364 4456 G.
391 4391 418 4472 Ι,
444 4392 508 4459 itt
540 4398 632 4462 «aut
649 4411 756 4476 reram
782 4390 847 4463 iato
862 4387 1216 4481 pradaotia'maior.»
1245 4394 1288 4475 ΙΙ,
1324 4394 1386 4462 073

283 4525 303 4570 0
322 4503 425 4589 Salve,
439 4524 555 4598 magna
563 4527 679 4596 pareas
690 4510 834 4596 fragam.
853 4531 872 4575 0
890 4511 947 4578 300
968 4513 1120 4580 «Tantus
1133 4529 1230 4600 autor
1238 4521 1351 4578 terrae.
1367 4529 1386 4576 0

283 4623 346 4700 005
367 4642 386 4690 0
404 4620 586 4714 incultique
603 4630 729 4706 exercet
754 4643 836 4712 aare
853 4625 969 4696 salicti.
991 4646 1009 4694 0
1031 4628 1094 4699 009
1122 4627 1256 4714 «Pestis
1273 4622 1389 4697 acerba
