3490 5604
776 959 795 1046 ξ
814 959 847 1026 7.
868 995 909 1007 -
924 959 1060 1028 bannus
1082 972 1222 1026 annuens.

493 1260 624 1332 [latirus
639 1279 736 1351 quem
752 1260 887 1330 ellicum
901 1267 1026 1342 vocant,
1055 1257 1140 1350 apud
1159 1265 1271 1349 poetas
1290 1264 1321 1328 et
1338 1275 1455 1348 prosae
1479 1276 1549 1328 ora-

450 1376 546 1448 tionis
573 1375 746 1467 scriptores
773 1374 1054 1466 irequeutissimus
1080 1374 1252 1446 iuvenitur.
1285 1377 1380 1445 Hunc
1411 1373 1548 1444 dativum

449 1493 625 1577 abundare,
640 1493 703 1577 uel,
718 1501 756 1564 ut
772 1493 869 1564 etiam
888 1513 974 1564 nunc
992 1493 1187 1584 quibusdam
1213 1493 1329 1584 placet,
1358 1492 1548 1582 expletivum

448 1623 520 1676 esse
534 1611 689 1694 putarunt
699 1611 822 1675 veteres
835 1603 1045 1697 grammatici.
1059 1607 1126 1675 Hoc
1153 1612 1263 1675 censet
1278 1603 1465 1674 Perizonius
1481 1612 1546 1674 not.

401 1747 404 1756 ·
448 1719 488 1790 ad
509 1724 615 1790 sanct.
643 1722 685 1802 ΙΙ,
705 1723 774 1802 l‚5
802 1743 810 1789 ε
838 1719 938 1791 «Sed
965 1738 1072 1810 saepe,
1100 1719 1216 1810 inquit,
1236 1719 1400 1811 eleganter
1418 1739 1549 1810 prorsus

448 1834 591 1906 abundat
609 1857 628 1903 n
646 1843 677 1905 et
690 1834 792 1904 multa
809 1833 902 1905 effert
918 1834 1076 1926 exempla,
1102 1855 1134 1904 v.
1150 1855 1182 1926 g.
1204 1833 1308 1904 Plaut.
1340 1834 1412 1904 lul.
1434 1838 1490 1920 ΙΙΙ,
1517 1841 1547 1918 3,

447 1956 490 2022 22
505 1974 524 2019 o
548 1953 727 2044 quaemihi
751 1959 859 2041 potest
874 1949 1070 2022 interbibere
1089 1950 1211 2023 iontem
1230 1949 1548 2022 Corinthienseml»

448 2064 510 2134 Cic.
527 2068 615 2134 Fam.
636 2069 703 2150 Vll,
725 2071 737 2134 l
764 2071 850 2135 «Tu
866 2068 945 2135 milti
972 2067 1067 2136 istam
1086 2064 1337 2136 imbecillitatem
1361 2065 1549 2138 valetudinis

446 2188 521 2251 tuae
534 2189 691 2252 sustenta.
706 2205 724 2250 a
738 2185 841 2264 Quam
859 2181 1045 2272 opinionem
1060 2181 1210 2273 amplecti
1239 2189 1271 2252 et
1294 2181 1402 2252 lovere
1429 2181 1549 2252 Ruddi-

448 2315 586 2367 mannus
606 2300 647 2380 ΙΙ,
674 2317 708 2388 p.
730 2300 794 2368 427
814 2296 951 2368 videtur.
972 2295 1129 2366 Omnibus
1162 2314 1237 2368 vero
1271 2305 1385 2368 notum
1411 2296 1548 2367 dativum

447 2411 649 2500 pronominis
665 2411 845 2503 personalis
861 2415 953 2493 miti,
968 2414 1036 2494 tibi,
1054 2414 1155 2492 cobis,
1174 2413 1270 2493 cobis,
1286 2411 1319 2481 in
1338 2411 1403 2482 illis
1416 2411 1550 2483 locutio-

447 2525 544 2596 nibus
559 2546 625 2597 nou
639 2527 845 2617 'expletivum
864 2546 948 2611 esse,
975 2526 1032 2598 sed
1056 2526 1197 2598 indicare
1213 2546 1386 2618 personam
1411 2547 1493 2618 quae
1518 2528 1549 2597 in

447 2641 553 2712 dativo
567 2642 699 2732 ponitur
720 2663 786 2714 non
805 2643 845 2714 ab
866 2643 981 2714 ellectu
999 2643 1089 2713 uerbi
1106 2642 1243 2714 alienam
1257 2661 1342 2725 esse,
1369 2642 1427 2713 sed
1445 2642 1550 2734 aliquo

447 2757 556 2841 modo,
577 2757 643 2830 sive
662 2767 819 2842 orantem,
849 2759 915 2831 sive
933 2759 1122 2842 minantem,
1144 2757 1274 2829 affinem
1301 2777 1384 2829 esse.
1407 2758 1550 2830 Hcltzius

448 2874 553 2964 (synt.
579 2874 714 2965 prisoor.
746 2875 801 2945 lat.
824 2876 951 2966 script.)
981 2874 1068 2945 huno
1099 2873 1195 2944 dativi
1222 2894 1319 2945 usum
1348 2874 1389 2945 ad
1410 2875 1549 2947 dativum

447 2989 619 3072 commodi,
638 2989 689 3060 rel
707 3009 865 3080 personae
879 2991 930 3062 eui
946 2989 1089 3061 studium
1108 2999 1169 3073 est,
1190 2998 1276 3062 recte
1289 2988 1397 3061 relert.
1426 2988 1551 3059 Curtius

449 3103 664 3194 (Griechiscbe
690 3109 797 3177 Gram.
833 3109 851 3196 ξ
885 3108 962 3194 433)
995 3114 1087 3177 vocat
1112 3105 1255 3176 dativum
1284 3125 1443 3196 personae
1472 3124 1551 3196 quae

448 3220 556 3292 animo
586 3220 720 3292 actionis
752 3230 802 3293 est
819 3221 978 3313 particeps
998 3222 1065 3310 (die
1093 3222 1153 3293 mit
1178 3222 1252 3294 dem
1281 3220 1439 3292 Gemiitbe
1459 3218 1551 3290 thail-

449 3335 629 3408 nehmende
658 3339 810 3426 Person);
835 3336 922 3408 unde
948 3357 1067 3409 nomen
1086 3339 1205 3408 arctoos
1230 3339 1309 3426 (ion,
1342 3354 1463 3418 mores,
1483 3333 1551 3405 ani-

449 3454 536 3541 mus)
555 3441 652 3523 'venit

491 3571 537 3635 En
550 3568 687 3659 Vergilio
702 3568 780 3639 haec
792 3568 939 3660 exempla
952 3569 985 3638 in
997 3568 1140 3640 medium
1155 3568 1317 3660 proferam
1332 3590 1340 3638 :
1358 3572 1395 3637 E.
1411 3569 1470 3649 ΙΙΙ,
1490 3569 1549 3635 l00
1674 3601 1676 3606 ·

449 3704 469 3762 n
488 3680 551 3752 beu
566 3684 572 3750 l
594 3681 678 3753 beul
701 3703 798 3774 quam
816 3684 929 3776 pingui
946 3704 1053 3755 macer
1067 3693 1117 3754 est
1133 3687 1212 3754 mibi
1231 3693 1344 3755 taurus
1359 3682 1393 3752 in
1408 3685 1507 3753 ervo!
1531 3703 1548 3748 a

448 3799 531 3868 Mili
547 3815 605 3886 pro
618 3795 724 3867 dativo
740 3797 957 3888 possessionis
973 3797 1083 3868 haberi
1098 3807 1216 3889 potest.
1236 3801 1320 3881 vill,
1341 3802 1394 3867 6«
1414 3801 1462 3866 Tu
1473 3797 1550 3863 mili

449 3931 508 3982 seu
525 3911 633 4004 magni
653 3932 787 4003 superas
806 3912 871 3982 iam
891 3933 969 3983 sana
987 3913 1120 3996 limavi,
1137 3914 1208 3985 Siue
1227 3933 1317 3984 oram
1336 3911 1455 4002 lllyrici
1472 3909 1548 4002 legis

449 4025 611 4116 aequoris.
633 4048 652 4094 a
668 4028 706 4095 G.
722 4030 749 4109 Ι,
765 4029 806 4096 le
826 4049 845 4094 o
862 4030 1021 4117 Depresso
1038 4026 1169 4118 incipiat
1185 4026 1248 4097 iam
1263 4035 1333 4096 tum
1346 4027 1426 4093 miti
1438 4033 1548 4094 taums

331 4202 334 4208 .
449 4148 555 4211 aratro
573 4143 751 4232 lngemere.
773 4164 791 4209 »
806 4145 848 4225 ΙΙ,
865 4146 929 4212 252
945 4162 963 4208 «
978 4140 1026 4211 lb
1042 4143 1048 4209 l
1072 4141 1209 4213 nimium
1227 4161 1268 4212 ne
1287 4140 1329 4210 sit
1345 4142 1425 4209 mibi
1438 4138 1548 4210 lertilis

448 4255 514 4325 illa.
535 4278 554 4324 a
574 4261 638 4327 298
657 4279 676 4324 «
694 4260 779 4328 Neve
806 4258 863 4327 ttbi
885 4256 925 4326 ad
949 4255 1051 4326 solem
1075 4266 1207 4349 vergant
1235 4256 1309 4326 uina
1328 4254 1507 4327 cadentem.
1529 4276 1547 4323 a

447 4373 502 4454 Ill,
526 4374 590 4441 534
611 4393 629 4439 u
648 4375 723 4462 Ipse
744 4373 812 4455 tibi,
836 4380 893 4442 tua
909 4370 1050 4442 maxima
1067 4392 1155 4455 eura,
1178 4379 1240 4443 stat
1266 4370 1451 4442 lacrimans.
1474 4373 1545 4439 nl.

448 4490 486 4570 ll,
509 4490 571 4557 toa
593 4509 612 4555 o
636 4506 701 4579 quo
730 4495 855 4559 tantum
876 4489 956 4556 milri
978 4485 1089 4558 dexter
1117 4486 1215 4557 abis?
1240 4509 1258 4555 >t
1282 4490 1319 4569 V,
1345 4490 1403 4556 39t
1441 4506 1460 4552 o
1491 4484 1548 4554 Ubi
1713 4537 1714 4560 i

449 4621 536 4676 nuno
553 4605 641 4674 nobis
662 4602 743 4675 deus
765 4603 819 4677 ille
838 4602 1001 4695 magister.
1025 4607 1133 4688 alili,
1156 4608 1219 4675 566
1240 4625 1258 4671 o
1278 4606 1322 4674 lle
1346 4595 1420 4694 quis
1437 4599 1480 4673 ob
1500 4601 1548 4671 in·
1586 4671 1592 4684 ,⁴
