3490 5604
906 613 1098 684 -112-
1228 661 1231 667 -

450 793 557 860 auctu
572 805 646 860 cum
659 785 778 872 dativo,
794 795 830 860 ut
848 787 900 862 hic
924 799 956 862 et
978 793 1067 862 Suet.
1082 793 1190 862 cour.
1212 794 1253 862 tn
1273 788 1432 860 «remisit
1445 798 1555 862 tamen

448 904 610 992 (tatone)
627 905 709 976 docti
725 905 864 978 iudicato
883 906 1137 980 necessitudines
1154 905 1340 997 amicosque
1364 925 1491 978 omnes.
1512 929 1531 975 a

735 1342 754 1430 ξ
770 1343 859 1412 3.-
878 1343 1014 1416 Deurus
1036 1359 1265 1420 tcousruours.

492 1643 623 1714 nativus
644 1662 717 1715 cum
740 1643 851 1716 multis
882 1643 987 1716 verbis
1016 1643 1223 1736 coniungitur
1241 1663 1324 1736 quae
1347 1663 1406 1735 per
1429 1663 1464 1716 se
1481 1643 1552 1736 ipsa

448 1758 590 1830 indicant
602 1757 723 1852 aliquid
736 1758 805 1831 fieri
821 1770 954 1852 propter
975 1759 1128 1852 aliquem.
1150 1760 1250 1832 Multa
1270 1760 1367 1832 verba
1385 1760 1553 1831 transitiva

448 1875 605 1946 actionem
619 1874 810 1968 significant,
827 1896 909 1967 quae
928 1885 1056 1968 praeter
1069 1876 1230 1948 obiectum
1248 1875 1444 1968 proximum,
1465 1875 1552 1968 quod

447 1990 481 2059 in
501 1991 680 2063 accusativo
698 1991 840 2082 ponitur,
862 1991 903 2062 ad
917 1991 1012 2062 aliam
1024 2012 1094 2063 rem
1112 2000 1168 2064 aut
1185 2011 1370 2083 personam,
1396 2000 1551 2082 tanquam

447 2104 487 2174 ad
506 2105 655 2176 ultimum
685 2105 782 2177 finem
797 2105 910 2177 tendit.
931 2107 990 2178 Hie
1015 2106 1145 2199 quidem
1168 2105 1309 2190 datione,
1332 2105 1439 2176 dativo
1463 2125 1551 2175 com-

446 2221 535 2291 modi
567 2229 599 2292 et
628 2221 845 2312 possessionis
877 2222 971 2293 valde
989 2223 1154 2306 assimilis,
1179 2224 1305 2293 dativus
1334 2222 1551 2311 acquisitionis

446 2335 551 2406 vocari
569 2344 686 2427 potest,
708 2337 827 2430 quippe
841 2336 897 2429 qui
916 2337 1036 2410 indicet
1052 2358 1127 2410 euru
1155 2358 1227 2410 esse
1245 2337 1334 2409 verbi
1353 2337 1502 2408 effectum
1516 2343 1551 2406 ut

446 2471 586 2542 persona
615 2461 671 2523 aut
702 2473 766 2538 res,
795 2474 877 2547 quae
900 2463 949 2525 est
968 2453 1002 2526 in
1034 2454 1153 2538 dativo,
1173 2453 1294 2546 aliquid
1326 2453 1471 2545 acquirat
1501 2451 1548 2523 vei

447 2576 559 2639 contra
573 2567 709 2640 amittat.

513 2957 545 3027 t.
568 2995 609 3007 —
628 2953 780 3026 Dativus
791 2953 1038 3048 acquisitionis
1050 2963 1132 3047 post
1148 2954 1252 3026 verba
1277 2952 1479 3024 transitiva.

489 3206 633 3280 Primum
667 3203 773 3276 verbis
803 3204 979 3275 transitivis
1022 3221 1105 3294 qnae
1146 3203 1328 3294 generalem
1363 3203 1463 3273 doadi
1493 3208 1546 3272 aut

444 3323 579 3409 ocpnudi
596 3319 860 3413 significationem
878 3317 1009 3402 habent,
1032 3317 1249 3410 subiungitur.
1271 3322 1350 3388 cum
1366 3338 1442 3390 reru
1469 3321 1545 3386 Ver-

445 3436 542 3527 gilius
561 3437 601 3508 ab
615 3435 728 3520 ceteris
747 3432 957 3526 scriptoribus
975 3433 1083 3525 quoad
1110 3433 1202 3504 ilium
1232 3433 1328 3504 dativi
1356 3453 1453 3504 usum
1481 3452 1545 3504 nou

356 3633 361 3642 .
444 3551 615 3642 discrepet,
631 3552 726 3644 plane
743 3550 855 3622 inutile
869 3548 995 3620 videtur
1012 3549 1160 3640 exempla
1172 3549 1328 3640 proferre.

489 3696 568 3764 Nota
594 3701 701 3764 tamen
730 3700 900 3783 sequentes
926 3691 1026 3774 locos,
1050 3690 1107 3761 ubi
1136 3691 1235 3763 rerba
1257 3692 1422 3764 notionem
1448 3693 1546 3762 doadi

446 3809 697 3900 metaphoricam
716 3808 881 3881 continent
905 3831 913 3877 :
935 3812 972 3878 G.
991 3812 1033 3892 ΙΙ,
1055 3813 1090 3878 ΙΙ
1121 3831 1139 3876 tt
1163 3811 1276 3899 Pelope
1299 3812 1376 3881 dure
1398 3808 1468 3879 reia
1490 3828 1545 3899 pa-

446 3925 537 3996 tenti.
561 3948 579 3994 a
601 3929 638 3994 d.
661 3929 719 4008 111,
743 3929 763 3994 9
786 3947 804 3994 <r
826 3927 905 4014 (oto
927 3926 1005 3994 dure
1027 3923 1108 3994 uela.
1135 3947 1154 3992 a
1179 3929 1215 3994 ot
1246 3947 1264 3992 «
1288 3928 1374 3996 Dore
1395 3927 1545 3995 classidas

445 4051 584 4116 austros.
606 4063 684 4110 a-
702 4043 789 4124 Neci,
814 4042 921 4123 morti,
947 4042 1004 4110 leto
1031 4039 1108 4110 dare
1139 4063 1148 4109 z
1178 4043 1216 4123 G,
1233 4044 1290 4123 ΙΙΙ,
1306 4045 1371 4110 480
1394 4062 1413 4107 u
1437 4043 1544 4126 Genus

446 4177 553 4230 omme
569 4159 646 4231 Neci
667 4156 827 4248 pecudum
849 4159 943 4227 dedit.
961 4179 979 4224 »
997 4159 1049 4239 ΙΙ,
1066 4160 1108 4224 90
1129 4178 1146 4223 «
1166 4161 1248 4226 Eum
1263 4195 1304 4208 -
1326 4156 1399 4224 dede
1416 4157 1504 4224 Neci.
1525 4176 1542 4220 r

446 4278 482 4344 Α.
502 4278 540 4344 ΙΙ.
554 4277 618 4343 806
638 4295 657 4341 «
676 4273 762 4344 Milia
777 4272 880 4344 muita
892 4274 982 4342 daret
995 4273 1064 4341 leto.
1083 4294 1101 4340 a
1119 4275 1174 4355 ΙΙΙ,
1192 4275 1255 4341 tra
1275 4274 1399 4354 «Quos
1416 4272 1472 4341 dot
1490 4279 1566 4340 tua¹

447 4391 577 4461 dextera
596 4391 667 4459 ¹leto.
694 4393 802 4472 ciiii,
824 4393 889 4460 328
916 4411 934 4456 «
957 4387 1056 4458 Multa
1078 4387 1183 4459 virum
1206 4387 1342 4459 volitem
1370 4388 1427 4458 det
1450 4385 1545 4458 fortia

446 4525 583 4598 corpora
598 4509 681 4576 Leto.
700 4528 718 4574 a
739 4509 815 4588 att,
833 4510 898 4575 655
917 4503 962 4575 id.

489 4622 575 4710 taliae
595 4631 672 4694 sunt
687 4621 783 4695 etiam
796 4620 941 4695 eiusdem
956 4619 1044 4693 verbi
1060 4621 1137 4692 dore
1150 4618 1236 4712 apud
1250 4618 1426 4712 Vergilium
1443 4617 1544 4712 sigui·
