3540 5612
922 663 1163 731 -l96-·
1293 723 1296 732 ,

465 842 586 915 Deinde
600 863 639 914 eo
654 852 799 935 spectant
813 821 953 930 ablativi,
971 845 1084 936 quales
1100 851 1176 914 sunt
1188 844 1323 924 silentio,
1338 845 1420 926 iure,
1436 845 1564 926 iniuria,

463 961 635 1039 uoluntate.
660 975 767 1050 sponte
794 970 825 1031 et
852 961 1012 1052 generalis
1037 959 1280 1053 significationis
1306 963 1407 1043 ruodo,
1437 964 1564 1041 cutione,

463 1100 559 1158 ruore,
576 1079 719 1172 quicum
735 1080 881 1171 genetivo
901 1080 950 1150 rel
965 1079 1120 1150 arlieotivo
1139 1077 1391 1169 coniunguntur.
1411 1078 1471 1147 llic
1484 1079 1565 1147 abla-

463 1195 548 1266 tivus
561 1215 658 1286 saepe
672 1196 817 1286 proxime
832 1197 873 1266 ad
888 1197 1167 1268 instrumentalem
1182 1195 1315 1267 accedit.
1329 1196 1451 1266 Deinde
1465 1205 1566 1266 autem

463 1311 620 1382 ablativus
640 1312 727 1382 modi
748 1321 855 1403 potest
878 1314 976 1383 etiam
1002 1313 1182 1384 accessoria
1211 1313 1314 1404 magis
1341 1313 1566 1404 significatione

462 1429 588 1518 positus
602 1449 685 1511 esse,
703 1428 730 1499 si
749 1449 801 1500 res
819 1429 1060 1508 describuntur,
1078 1451 1160 1520 quae
1175 1439 1295 1510 statum
1311 1430 1404 1520 quasi
1418 1434 1565 1499 comiteu-

461 1557 528 1614 tur.»
548 1545 630 1615 Huic
648 1545 777 1615 ablativi
795 1546 904 1638 generi
931 1567 1028 1637 saepe
1048 1568 1121 1616 cum
1149 1547 1344 1637 praepositio
1372 1546 1563 1638 adiungitur,

460 1657 548 1728 velut
573 1659 600 1728 si
626 1658 743 1728 dicitur
761 1679 834 1729 curu
852 1680 944 1744 curu,
967 1681 1040 1730 euru
1062 1663 1239 1748 diligentie,
1266 1681 1340 1730 cum
1359 1663 1523 1730 ceterunu.
1548 1682 1563 1726 n
1597 1717 1601 1727 .

461 1775 567 1864 (Synt.
583 1773 719 1864 priscor.
737 1773 885 1865 scriptor.
903 1774 958 1844 lat.
975 1779 1001 1858 I,
1019 1795 1051 1864 p.
1071 1777 1161 1863 446).

506 1922 543 1988 In
560 1937 658 2008 prosa
675 1918 820 1989 oratioue
839 1917 977 1989 ablativo
997 1918 1119 1988 modali
1148 1938 1268 1989 nomeu
1295 1919 1344 1988 vel
1363 1918 1561 2000 adiectirum

460 2034 547 2124 quod
565 2033 700 2125 propius
719 2033 861 2117 deliniat,
880 2033 1012 2125 adiungi
1032 2033 1126 2104 solet.
1147 2033 1207 2103 Ubi
1227 2034 1313 2103 enim
1333 2034 1461 2104 nullum
1479 2053 1563 2104 accc-

459 2150 506 2220 dit
521 2149 742 2220 attributirum
755 2169 886 2232 nomen,
903 2169 1015 2240 praep.
1033 2170 1105 2219 eum
1119 2151 1347 2240 praeponitur:
1366 2153 1561 2232 commedio,

459 2288 531 2336 curn
553 2271 606 2337 iru
626 2275 657 2336 et
675 2269 790 2336 dolore.
817 2258 953 2337 Nomina
982 2265 1051 2336 sola
1079 2286 1162 2356 quae
1191 2286 1291 2358 sopra
1314 2267 1477 2336 enuntiavi
1499 2267 1564 2336 sinc

330 2431 332 2435 ψ
457 2403 568 2473 praep.
585 2383 617 2451 in
633 2382 771 2452 ablativo
790 2391 980 2473 ponuntur:
1000 2385 1135 2465 silentio,
1154 2385 1235 2465 iure,
1255 2384 1392 2466 iniuria,
1412 2393 1473 2452 etc.
1490 2383 1563 2464 Qui-

457 2500 520 2570 bus
538 2499 620 2569 adde
636 2501 717 2581 dolo,
735 2513 814 2568 urle.
837 2499 996 2590 Vergilius
1016 2518 1091 2568 vero
1115 2497 1276 2589 ceterique
1296 2506 1411 2590 poetae
1431 2497 1563 2589 quodvis

455 2636 574 2687 nomen
600 2615 670 2685 sine
693 2614 877 2685 attributira
899 2614 1167 2685 determinatione
1194 2613 1333 2684 ablativo
1362 2635 1441 2684 casu
1469 2634 1560 2684 cons-

457 2741 581 2804 truunt.

500 2900 546 2992 u)
561 2900 689 2971 Nemini
702 2900 735 2969 in
749 2898 887 2971 ablativo
903 2898 1026 2969 modali·
1036 2898 1143 2990 posito
1158 2897 1349 2970 attributum
1362 2898 1560 2989 adiungitur:

500 3021 538 3087 G.
554 3021 580 3100 I,
597 3022 660 3086 388
679 3040 697 3084 «
718 3021 742 3085 li
759 3024 854 3107 pastu
869 3014 1027 3085 decedens
1040 3015 1164 3100 upmiue
1178 3035 1292 3100 mupuo
1320 3017 1497 3084 Corvorum
1515 3013 1563 3080 in·

456 3133 580 3223 crepuit
588 3133 759 3203 exercitus.
779 3157 794 3194 n
810 3136 873 3200 388
887 3158 901 3195 «
918 3129 1035 3201 Cornix
1043 3133 1139 3218 plenu
1150 3129 1293 3219 pluriam
1308 3139 1401 3201 rocat
1416 3127 1562 3219 improba

327 3247 332 3256 “
455 3270 535 3319 uoce.
568 3251 674 3317 »407
702 3275 717 3313 r
747 3253 864 3334 Mupuo
894 3249 1027 3315 stridore
1056 3265 1114 3334 per
1134 3265 1229 3315 auras
1254 3246 1355 3316 ¹Nisus
1382 3247 1563 3337 insequitur

456 3363 606 3454 Scyllam.
636 3390 651 3426 n
676 3368 739 3432 476
762 3391 777 3428 «
804 3365 943 3432 insolitis
967 3370 1171 3432 tremuerunt
1187 3364 1321 3432 motibus
1340 3361 1446 3451 Alpes.
1466 3385 1484 3430 n
1500 3365 1561 3430 477

456 3509 470 3545 n
495 3480 672 3550 simulacra
695 3482 794 3549 enodis
822 3479 975 3570 pallentia
999 3479 1101 3546 miris.
1134 3503 1148 3540 4
1179 3482 1220 3561 ΙΙ,
1243 3484 1293 3548 64
1314 3481 1450 3568 Spumat
1464 3480 1562 3567 pluris

454 3596 615 3666 vindemia
641 3597 749 3694 labris.¹
785 3622 798 3658 o
824 3600 866 3665 43
895 3623 909 3658 r
941 3595 1085 3686 Populus
1111 3603 1142 3664 et
1161 3597 1279 3682 pioucu
1294 3595 1442 3664 canentia
1453 3597 1561 3683 froude

454 3712 575 3782 salicta.
607 3737 621 3774 o
652 3715 714 3780 l53
742 3739 756 3775 4
787 3715 896 3800 Neque
910 3725 998 3780 rouro
1014 3730 1191 3800 squameus
1217 3711 1248 3779 in
1270 3711 1392 3800 spiram
1407 3723 1560 3780 erectuse

453 3807 573 3919 colligit
585 3827 712 3918 anguis.
725 3851 740 3889 n
755 3831 817 3896 460
833 3854 847 3890 n
862 3829 1026 3896 Fluctibus
1039 3837 1070 3896 et
1082 3829 1214 3914 fremitu
1226 3845 1412 3917 assurgens
1426 3823 1559 3908 Benace,

453 3945 588 4048 murino.
613 3969 628 4006 4
649 3947 711 4011 lou
731 3970 746 4006 «
764 3942 971 4033 Indignatum
989 3946 1114 4030 mopuis
1128 3944 1318 4012 stridoribus
1332 3962 1466 4031 aequor.
1486 3967 1501 4004 n
1518 3946 1558 4024 ΙΙ,

452 4060 487 4124 84
518 4083 534 4125 n
565 4054 648 4124 Exiit
672 4053 712 4123 ad
739 4053 863 4124 caelum
886 4057 987 4122 rumis
1013 4056 1156 4141 felicibus
1182 4053 1288 4124 arbos.
1309 4076 1327 4120 >›
1349 4059 1391 4122 86
1408 4081 1423 4117 «
1440 4055 1562 4123 Amore

451 4171 565 4262 pausia
580 4175 669 4240 bueo.
700 4196 714 4233 n
739 4173 802 4238 364
821 4198 836 4235 «
860 4169 986 4239 Palmes
1011 4186 1055 4220 -·
1076 4173 1161 4240 lunis
1177 4190 1236 4261 per
1254 4190 1374 4261 purum
1393 4169 1560 4240 immissus

450 4289 587 4356 bobonis.
615 4312 629 4348 »
654 4291 717 4356 386
736 4313 750 4350 n
776 4288 918 4356 Versibus
938 4287 1102 4374 incomptis
1125 4285 1244 4356 ludunt
1257 4288 1393 4375 risuque
1403 4287 1521 4354 soluto.
1543 4309 1558 4348 n

450 4406 507 4485 ΙΙΙ,
537 4405 600 4471 376
629 4429 644 4466 «
672 4407 790 4490 Mupuo
822 4401 896 4477 laeti
927 4404 1060 4470 elamore
1089 4409 1255 4492 reportant
1274 4401 1433 4490 (cervum)
1455 4425 1471 4464 n
1496 4404 1558 4469 468

308 4573 319 4596 ,
450 4546 465 4584 «
488 4509 682 4609 caligantem
696 4521 792 4606 uipru
809 4520 978 4605 sorinidiue
997 4518 1119 4589 lucum.
1141 4545 1156 4581 »
1176 4523 1240 4590 aab
1262 4544 1277 4582 «
1297 4517 1347 4585 llli
1362 4516 1558 4586 altomontes

448 4637 551 4708 multu
564 4639 596 4705 oi
609 4635 733 4729 proelia
746 4636 882 4706 miscent
903 4636 1087 4706 Vulneribus
1111 4635 1238 4704 crebris.
1273 4658 1288 4697 n
1314 4636 1366 4717 IV,
1394 4636 1470 4704 824
1492 4631 1557 4724 Ipsi
