3490 5604
863 619 1058 690 -ldlu

406 821 542 894 possum
556 799 736 888 admittere,
754 797 810 894 qni
823 800 937 874 volunt
949 803 1109 890 rmipnore
1126 777 1213 870 idern
1229 779 1336 868 valere
1349 796 1511 868 acdeorum

404 922 542 1008 segetare.
558 922 691 1010 signore
705 953 741 978 =
760 939 907 1012 premere
925 927 961 990 et
975 917 1136 1002 claudere,
1151 917 1312 1004 resipuere
1328 951 1363 976 =
1383 911 1509 1004 signum

389 1035 552 1128 lrangere
566 1045 599 1108 et
616 1035 753 1128 aperire.
774 1039 889 1106 Errant
906 1033 963 1130 qni
981 1033 1056 1104 huic
1074 1031 1172 1103 verbo
1192 1029 1288 1102 aliam
1306 1027 1509 1122 significatio

404 1171 479 1222 nem
493 1150 641 1222 addicere
654 1159 824 1223 conantur.
842 1150 894 1220 Sic
912 1153 1053 1242 Georges
1081 1147 1114 1218 in
1141 1167 1203 1218 suo
1229 1145 1353 1227 benico,
1382 1151 1509 1214 nostrae

403 1265 659 1360 interpretationi
679 1265 917 1348 convenienter,
943 1263 1120 1334 transient:
1142 1289 1157 1328 α
1181 1259 1359 1332 Mercurius
1377 1258 1443 1328 ldst
1460 1257 1509 1326 die

403 1379 472 1451 sich
487 1379 726 1452 scbliessenden
745 1361 857 1472 tugen
876 1399 951 1450 vom
969 1377 1068 1461 Tode,
1086 1375 1118 1448 d.
1139 1376 1162 1460 i,
1178 1375 1259 1446 lisst
1276 1373 1334 1444 das
1352 1372 1419 1444 sich
1436 1371 1509 1443 bre-

402 1496 525 1568 cbende
538 1501 626 1589 luge
639 1495 728 1568 nicht
742 1495 883 1568 sterben.
905 1521 920 1558 n
1420 1473 1425 1486 ’

445 1611 506 1684 llbi
518 1631 594 1684 vero
609 1612 747 1684 ablativo
763 1612 875 1684 eadem
889 1619 986 1703 atque
1000 1609 1106 1682 dativo
1121 1611 1225 1683 lorma
1237 1618 1298 1693 est,
1317 1627 1413 1698 saepe
1427 1605 1507 1676 litut

401 1725 433 1797 in
448 1728 574 1821 poetica
592 1727 737 1800 oratione
758 1747 823 1799 non
848 1727 988 1798 discerni
1006 1727 1111 1820 possit
1135 1735 1247 1797 utrum
1273 1721 1448 1795 ablativum
1467 1739 1506 1789 an

401 1841 544 1912 dativum
557 1851 653 1934 poeta
667 1841 861 1913 adhibuerit.
882 1847 999 1912 Poetae
1017 1841 1104 1911 enim
1118 1841 1257 1911 libenter
1285 1839 1405 1911 locales
1425 1835 1504 1906 rela-

400 1955 504 2030 tiones
515 1959 729 2051 personaliter
742 1959 1007 2050 interpretantur,
1023 1957 1055 2028 id
1071 1966 1132 2041 est,
1146 1957 1255 2029 locum
1267 1965 1422 2047 tanquam
1434 1973 1504 2044 per·

399 2094 513 2145 sonam
532 2093 615 2166 quac
634 2073 777 2146 subiecto
801 2073 952 2166 opposita
969 2074 1094 2146 actione
1113 2073 1202 2144 verbi
1220 2072 1375 2164 tangitur,
1400 2068 1519 2139 dativo.

399 2189 559 2261 commodi
577 2191 774 2282 exprimunt.
793 2190 855 2273 Sic,
873 2211 904 2259 v.
926 2211 972 2281 g.,
992 2192 1028 2262 d.
1050 2193 1088 2274 V,
1105 2175 1169 2260 722'
1189 2217 1204 2254 α
1224 2189 1315 2260 caeto
1334 2185 1435 2286 iacies·
1449 2185 1504 2254 de-

398 2305 489 2396 lapsa
502 2305 657 2396 parentis,
682 2308 800 2377 »caelo
821 2325 882 2399 pro
906 2303 1013 2379 dativo
1036 2304 1161 2396 poetice
1187 2303 1391 2396 interpretari
1419 2303 1500 2384 licet,

397 2420 484 2512 quod
499 2420 630 2513 gallicae
644 2421 798 2493 locutioni
814 2421 991 2513 respondet
1009 2421 1180 2513 »ecbappd
1197 2442 1240 2492 au
1253 2420 1324 2492 ciel.
1347 2421 1503 2491 »dotem
1594 2431 1596 2434 ·

396 2545 549 2630 tanquam
568 2557 708 2628 persona
725 2546 785 2623 est,
805 2557 888 2630 quae
906 2558 946 2610 ex
966 2557 1001 2608 se
1020 2527 1103 2608 banc
1131 2535 1243 2608 faciem
1262 2536 1387 2607 demitti
1405 2555 1502 2626 passa

395 2661 456 2724 est.

439 2770 474 2838 ll.
497 2773 549 2852 Vl,
571 2773 611 2839 ld
632 2797 647 2834 u
670 2773 760 2840 Serta
777 2771 876 2859 capiti
902 2768 1050 2860 delapsa;
1076 2795 1092 2833 n
1119 2769 1153 2840 in
1170 2770 1292 2840 incerto
1310 2767 1501 2860 relinquitur

394 2892 504 2954 utrum
523 2885 621 2974 cupiti
643 2883 769 2957 dativus
793 2906 833 2955 an
857 2884 1013 2955 locativus
1033 2885 1086 2955 sit.
1107 2887 1214 2976 Capiti
1233 2885 1320 2955 enim
1340 2905 1400 2975 pro
1419 2883 1499 2954 anti-

394 3020 458 3090 qua
471 2999 600 3072 ablativi
613 3000 717 3071 forma
728 3000 839 3071 baberi
855 3001 959 3091 possit
973 3031 1015 3056 =
1029 3022 1052 3070 u
1064 3004 1176 3091 cupite.
1196 3001 1258 3072 Sed
1272 3001 1379 3072 locum
1394 3009 1499 3071 tamen

392 3115 433 3185 ad
450 3113 593 3186 dativum
612 3116 773 3187 commodi
789 3136 888 3206 supra
904 3117 1011 3199 retuli,
1030 3131 1113 3210 qnae
1130 3117 1234 3208 magis
1252 3117 1378 3208 poetica
1395 3125 1428 3186 et
1442 3136 1498 3186 au-

392 3231 501 3302 dacior
513 3231 609 3303 simul
623 3230 749 3303 videtur
762 3232 971 3316 constructio,
986 3233 1011 3302 si
1025 3235 1123 3322 copiti
1136 3231 1316 3323 pro‘dativo
1330 3231 1496 3314 habeatnr,

391 3345 487 3438 itaut
504 3360 602 3436 eaput
614 3346 827 3437 personaliter
846 3356 1037 3438 conceptum
1056 3356 1088 3418 et
1109 3355 1263 3440 tanquam
1284 3364 1425 3439 persona
1443 3348 1497 3426 sit,

391 3460 443 3531 cui
462 3458 494 3531 id
509 3461 622 3532 accidit
634 3470 672 3531 ut
689 3471 775 3533 serta
793 3462 956 3534 caderent.
977 3462 1075 3559 Silius
1093 3463 1270 3554 Vergilium
1286 3463 1430 3535 imitatus
1449 3471 1497 3534 est

389 3579 469 3659 xvi,
487 3579 550 3646 l35
567 3603 582 3641 a
601 3576 706 3646 Veluti
719 3577 852 3667 delapsa
867 3597 986 3648 corona
999 3577 1128 3648 victoris
1142 3579 1242 3668 cupiti
1256 3577 1350 3649 loret.
1369 3605 1386 3642 n
1403 3578 1493 3648 Ovid.

389 3697 463 3763 Met.
481 3695 534 3776 ΙΙ,
554 3697 619 3762 toa
638 3721 653 3757 α
670 3694 778 3762 betur·
792 3693 921 3763 cervina
932 3695 1062 3763 sinistro
1076 3693 1202 3765 Vellera
1219 3692 1414 3783 dependent.
1436 3719 1450 3757 o

431 3887 544 3960 Verbis
555 3890 770 3979 proficiscendi
782 3897 814 3960 et
828 3889 999 3979 soporandi
1012 3888 1186 3982 aliquando
1201 3890 1297 3962 etiam
1312 3890 1404 3963 addit
1417 3894 1493 3964 Ver-

387 4003 483 4094 gilius
497 4003 769 4096 praepositionem
785 4028 794 4074 :

361 4179 367 4196 ·
429 4146 455 4215 A
473 4166 481 4213 ε
503 4148 539 4215 Α.
557 4149 598 4230 ΙΙ,
615 4149 651 4215 ΙΙ
679 4169 698 4214 «
717 4149 863 4228 Laocoon
880 4145 1000 4246 ardens
1016 4167 1145 4219 summa
1162 4148 1303 4222 decurrit
1314 4149 1355 4220 ab
1369 4172 1452 4222 orca
1474 4175 1491 4221 t

386 4264 481 4332 375«
496 4267 560 4334 llos
574 4263 667 4335 celsis
679 4263 821 4354 primum
833 4285 856 4334 u
868 4267 1003 4335 occidue
1016 4263 1081 4336 itis.
1098 4268 1492 4362 »111,et«Viridemque

384 4381 532 4476 cbdumo
543 4379 723 4452 convellere
736 4381 849 4451 silvam
862 4390 1041 4452 conatus.»
1056 4381 1101 4452 Gi.
1117 4386 1212 4454 dumo
1224 4384 1293 4455 sine
1305 4404 1418 4478 praep.
1433 4389 1489 4471 ΙΙΙ,

385 4499 406 4564 3
420 4517 439 4562 t<
456 4494 568 4594 Omnis
586 4499 680 4566 danto
698 4496 800 4567 lomet
811 4495 970 4587 Neptunia
987 4497 1093 4568 Troia.
1111 4521 1129 4567 t>
1144 4503 1182 4582 Ι,
1204 4503 1267 4570 838
1283 4523 1301 4568 o
1317 4501 1396 4572 Cum
1413 4501 1492 4572 levis

382 4611 528 4683 aetheriis
555 4609 707 4703 delapsus
738 4615 878 4684 Somnum
910 4615 950 4684 od
976 4616 1084 4686 ostris.
1107 4618 1187 4700 nli,
1209 4620 1273 4686 480
1292 4637 1311 4684 c
1331 4619 1445 4690 Postcs
1470 4639 1492 4688 a
