3540 5612
909 647 1108 718 -aad-

497 844 538 900 a.
558 830 596 898 in
618 825 756 918 simplioi
780 825 919 898 ablativo
938 833 1105 918 ponuntur
1124 823 1168 895 ad
1188 823 1296 895 lorum
1314 825 1370 896 eti
1388 822 1555 915 designan-

450 943 533 1016 dum
549 966 557 1013 :

499 1105 533 1169 t⁰
552 1098 688 1171 Nomina
703 1097 833 1168 urbium
852 1106 883 1168 et
900 1117 1074 1188 parvarum
1094 1095 1275 1166 insularum
1295 1079 1405 1165 terrine
1423 1096 1557 1165 declino·

332 1209 334 1214 ’
454 1217 547 1286 tionis
571 1223 627 1285 aut
649 1214 789 1305 ploretis
810 1217 937 1285 numeri
962 1238 973 1283 :
1000 1215 1204 1300 Gortdopine,
1232 1213 1371 1296 Attenia,
1397 1213 1556 1292 Sordidae,

455 1332 620 1422 Philippis.

496 1492 531 1559 2⁰
554 1485 776 1558 Generaliores
808 1486 870 1558 lori
902 1485 1153 1580 designationes
1185 1486 1357 1577 praecipue
1385 1505 1461 1557 vero
1485 1487 1557 1568 loeo,

452 1603 517 1684 oin,
542 1613 647 1692 porte,
676 1613 775 1680 terro,
798 1601 902 1676 mori,
929 1607 1025 1690 atque
1052 1598 1247 1689 pronomina
1275 1619 1353 1686 qno,
1382 1601 1454 1678 too,
1474 1599 1558 1675 ittae,

421 1781 424 1788 .
452 1735 659 1804 quocumque.
680 1713 811 1806 Aliquae
829 1722 937 1784 tamen
956 1713 1059 1804 magis
1082 1713 1233 1804 propriae
1251 1721 1283 1785 et
1302 1713 1483 1806 singulares
1502 1710 1561 1782 looi

452 1830 691 1924 designationes
710 1829 807 1900 etiam
827 1829 965 1900 ablativo
985 1829 1124 1920 simplioi
1147 1829 1359 1920 designantur
1381 1853 1388 1909 ;
1414 1828 1471 1899 sed
1494 1836 1561 1897 tum

452 1949 644 2040 pierumque
674 1947 808 2038 propior
837 1946 1074 2028 determinatio,
1105 1945 1298 2016 adieetivum
1321 1944 1453 2028 scilieet,
1474 1944 1562 2014 subi-

453 2064 559 2134 oitur:
583 2061 646 2133 Cio.
666 2067 756 2132 Brut.
778 2066 820 2132 39
836 2085 854 2129 «
871 2061 979 2132 Oratio
991 2063 1100 2130 mettis
1115 2063 1190 2130 loon
1203 2068 1253 2131 est
1267 2059 1415 2151 puerilis.
1435 2083 1454 2128 »
1468 2065 1561 2129 Tusa.

453 2185 490 2262 V,
507 2183 548 2249 36
565 2202 583 2246 «
599 2183 637 2248 Et
651 2197 763 2248 earum
780 2197 890 2248 rerum
905 2177 1053 2248 omnium
1065 2189 1177 2246 instro
1190 2179 1267 2246 orde
1282 2196 1411 2246 summa
1424 2174 1529 2265 eopia.
1546 2197 1562 2241 n

497 2341 531 2407 3⁰
554 2341 782 2427 Quaesumque
800 2335 933 2406 nomina
949 2334 1056 2407 looum
1075 2335 1261 2419 indicantia,
1278 2355 1353 2406 eum
1374 2335 1438 2426 ipis
1457 2333 1562 2403 adier-

454 2453 517 2523 tiva
540 2453 954 2534 inemendationem
978 2450 1161 2522 adiciuntur
1185 2476 1193 2521 :
1219 2455 1309 2522 Caes.
1331 2455 1367 2520 B.
1390 2453 1422 2519 6.
1442 2452 1500 2532 ΙΙΙ,
1523 2453 1563 2518 39

453 2593 472 2636 «
497 2581 562 2660 toto
581 2569 759 2658 montania.
780 2589 798 2634 a
821 2570 914 2658 Verg.
934 2571 971 2635 E.
992 2570 1018 2649 Ι,
1041 2571 1076 2634 ΙΙ
1108 2595 1123 2630 o
1150 2567 1299 2658 Undique
1318 2569 1391 2636 totis
1414 2563 1564 2634 turbatur

451 2665 550 2772 apris.
572 2706 590 2750 »
609 2679 883 2773 Praepositionem
900 2690 1009 2751 tamen
1024 2683 1059 2749 in
1076 2681 1171 2751 etiam
1191 2681 1277 2773 apud
1293 2680 1356 2751 Cio.
1373 2688 1563 2770 ootemsque

452 2799 621 2871 invenias:
641 2799 674 2868 in
688 2797 752 2880 Pis,
770 2801 811 2866 35
832 2821 850 2864 u
872 2801 949 2867 Toto
966 2799 1001 2867 in
1017 2799 1195 2886 provincio.
1213 2820 1230 2866 >›

494 3009 536 3066 n.
558 2993 677 3064 Ceteris
704 3012 779 3064 vero
805 2991 992 3063 nominibus
1021 2993 1129 3063 locum
1148 2991 1367 3064 indicantibus
1394 3013 1508 3084 praep.
1531 2996 1564 3062 tn

451 3110 602 3200 anteponi
621 3110 714 3180 solet.
736 3108 894 3199 Vergilius
913 3127 988 3179 vero
1013 3107 1175 3199 ceterique
1197 3117 1312 3198 poetae
1330 3109 1370 3179 ab
1389 3129 1428 3180 eo
1447 3128 1564 3200 prosae

452 3222 606 3294 orationis
619 3241 714 3292 more
729 3221 772 3292 ita
784 3220 969 3304 deflectunt,
987 3229 1023 3290 ut
1037 3221 1226 3312 saepissime
1241 3243 1368 3314 praep,
1387 3241 1563 3314 quaecum-

452 3359 515 3429 que
530 3339 571 3408 sit
586 3339 647 3410 inei
662 3337 852 3428 designatio,
873 3337 1033 3408 omittant.

496 3485 530 3548 ΙΟ
552 3485 657 3550 Pauca
683 3479 825 3570 primum
844 3478 991 3569 exempla
1018 3479 1166 3563 reseram,
1188 3479 1244 3551 uhi
1261 3480 1420 3572 Vergilius
1447 3499 1563 3571 prosae

452 3595 605 3668 orationis
622 3614 770 3667 normam
788 3595 958 3685 sequitur:
978 3599 1020 3664 In
1043 3595 1137 3667 locali
1158 3595 1372 3688 designationi
1390 3597 1563 3688 praeponi-

451 3721 505 3784 tur
525 3736 532 3781 :
553 3715 590 3782 G.
612 3715 654 3794 ΙΙ,
676 3715 739 3782 639
758 3733 778 3780 n
795 3715 889 3802 Ipsae
907 3713 1063 3782 donresto
1082 3712 1208 3783 steriles
1226 3715 1391 3782 invertire
1409 3713 1521 3784 silvae.
1539 3736 1562 3784 ,a

452 3834 516 3900 693
553 3851 572 3896 a
607 3826 691 3898 Mitis
727 3829 762 3896 in
796 3829 915 3916 epatris
950 3827 1099 3918 sequitur
1134 3827 1297 3898 vindemia
1325 3831 1426 3898 soon.
1465 3851 1483 3896 »
1522 3830 1560 3897 G.
1634 3809 1636 3812 ’

451 3948 509 4026 ΙΙΙ,
526 3947 590 4014 396
610 3943 710 4034 «Ipsi
725 3945 900 4030 indofmsis
914 3946 1064 4032 specubus
1080 3963 1194 4014 secura
1212 3944 1274 4015 sub
1289 3944 1354 4015 alta
1366 3945 1444 4016 'Otia
1462 3953 1563 4037 agunt

451 4069 547 4132 tarra.
569 4065 671 4130 »557
702 4083 721 4128 <‹
748 4063 790 4128 In
812 4061 980 4130 undulis.»
1011 4063 1064 4142 ΙΙΙ,
1092 4065 1134 4129 90
1163 4083 1182 4127 «
1214 4061 1256 4130 In
1291 4063 1382 4130 anm.
1409 4084 1428 4130 n
1452 4063 1492 4130 G.
1517 4065 1560 4144 ΙΙ,

443 4181 508 4252 dit
530 4200 549 4244 «
563 4179 724 4248 Eutremir
736 4176 829 4247 Asiae
844 4176 946 4247 viator
959 4179 993 4246 in
1006 4179 1082 4246 oris.
1101 4200 1119 4244 »
1134 4181 1191 4246 936
1218 4200 1237 4244 a
1255 4182 1298 4248 In
1311 4181 1409 4248 solido
1425 4187 1561 4268 puteum

434 4291 574 4364 'demitti
593 4292 731 4364 iuhehis.
754 4315 773 4360 a
795 4297 859 4363 969
880 4313 899 4359 «
918 4291 1002 4362 Caeli
1018 4290 1184 4382 regionem
1201 4295 1235 4361 in
1252 4295 1365 4362 cortice
1380 4291 1521 4383 signant.
1540 4313 1559 4360 »

359 4475 363 4482 .
450 4413 514 4480 386
535 4433 554 4477 «
575 4412 722 4481 Mellitos
740 4412 775 4479 in
789 4411 895 4499 protis
914 4415 1029 4479 unetos
1051 4406 1178 4478 saluere
1195 4428 1255 4498 per
1272 4417 1374 4480 utres
1398 4431 1416 4476 a
1437 4412 1465 4491 Ι,
1496 4413 1560 4478 369

444 4550 470 4595 o
484 4529 546 4595 dut
558 4547 684 4596 somnae
700 4533 815 4596 nantes
834 4528 869 4595 in
885 4545 972 4613 aquo
989 4523 1153 4595 colludere
1170 4523 1311 4614 plumas.
1334 4548 1353 4592 n
1374 4528 1437 4593 tae
1458 4546 1477 4592 «
1493 4527 1558 4594 'tto-

449 4650 546 4734 taque
565 4641 682 4714 servati
700 4642 825 4714 solvent
843 4644 876 4711 in
897 4643 986 4710 litore
1004 4647 1133 4711 nautae.
1156 4663 1174 4708 »
1193 4643 1257 4709 449
1277 4663 1296 4708 «
1323 4643 1358 4710 in
1376 4642 1463 4712 terris
1484 4637 1559 4712 salit
