3528 5604
717 687 890 759 ..27-

246 855 419 960 pleraeque
439 868 480 938 ad
504 887 638 940 casuum
659 868 933 944 constructionem
951 867 1124 958 pertinent.
1141 869 1360 942 Hellenismus
1431 889 1433 894 ·

248 993 297 1055 est
315 1006 347 1054 v.
368 1007 400 1086 g.
422 984 560 1076 genetivi
580 985 778 1056 constructio
794 994 869 1076 post
887 985 1046 1075 quaedam
1068 985 1235 1056 verbovel
1254 987 1359 1058 adiec-

250 1101 409 1193 tivaquae
425 1100 576 1173 eumalio
592 1122 680 1184 casu,
697 1102 796 1172 ahiat.
812 1100 944 1183 scilicet,
962 1121 1035 1171 cum
1051 1101 1100 1172 vel
1117 1100 1187 1172 sine
1205 1123 1357 1193 praepos,

119 1215 124 1224 '
245 1216 397 1309 coniungi
420 1217 536 1289 s'olent.
563 1221 720 1288 Graecum
744 1226 804 1300 est,
841 1226 873 1288 et
891 1217 964 1288 ideo
984 1216 1070 1310 apud
1098 1217 1227 1288 Latinos
1254 1219 1359 1309 poeti-

245 1353 330 1416 cum,
347 1339 441 1426 Verg.
463 1337 518 1405 Ae.
540 1339 594 1418 xl,
613 1340 699 1404 tao:
723 1357 741 1401 «
755 1337 942 1404 Iustitiaene
958 1333 1050 1424 prius
1069 1333 1169 1405 mirer
1181 1336 1289 1404 belliue
1307 1336 1358 1405 tu-

245 1453 366 1520 borum.
382 1473 401 1518 a
423 1451 483 1538 (=
502 1454 605 1521 Causa
617 1449 771 1534 iustitiae,
788 1460 921 1542 propter
932 1449 1102 1538 iustitiam)
1120 1474 1127 1532 ;
1142 1470 1292 1542 graecum
1310 1460 1360 1521 est

245 1574 276 1636 et
294 1564 373 1634 illud
391 1566 554 1636 Hor.-0d.
574 1571 631 1649 111,
653 1571 707 1650 30,
731 1571 765 1634 tt
789 1588 833 1635 :d
852 1565 1010 1658 Regnavit
1031 1569 1165 1636 Daunus
1187 1570 1359 1654 agrestium

144 1755 148 1764 ,
240 1682 445 1770 populorum.
466 1680 592 1763 »Quod
609 1701 721 1774 graece
736 1680 854 1751 dicitur
880 1703 981 1772 κρατεῖν
995 1716 1071 1760 τινος.
1093 1683 1249 1752 Graccum
1264 1690 1313 1752 cst
1328 1691 1359 1753 ct

244 1787 406 1888 poeticum
425 1799 596 1868 accusativi
616 1819 696 1868 usus
715 1806 789 1890 post
804 1796 959 1867 adiectiva
978 1797 1028 1866 vel
1047 1796 1214 1890 participia
1231 1797 1360 1887 passiva

244 1911 284 1980 ad
297 1919 421 2001 partem
436 1912 483 1983 rei
498 1913 548 1983 vel
561 1934 720 2004 personae
740 1912 957 1996 indicandam,
974 1913 1015 1984 ad
1035 1933 1132 2004 quam
1153 1913 1291 2002 qualitas
1308 1914 1358 1984 uel

245 2033 354 2096 status
374 2026 530 2098 adieetivo
556 2029 605 2099 vel
634 2028 803 2120 participio
832 2047 986 2120 expressa
1008 2027 1147 2119 pertinet
1174 2027 1359 2116 (redimitus

243 2154 384 2232 temporo
401 2142 520 2232 lauro),
536 2153 568 2214 et
584 2144 657 2216 ideo
672 2153 757 2215 rocta
773 2165 793 2214 a
810 2143 1027 2236 grammaticis
1038 2142 1247 2214 'accusativus
1265 2162 1358 2235 grae-

244 2279 300 2330 cus
318 2253 461 2330 vocatur.
596 2251 598 2256 ’
1379 2339 1383 2346 ,

286 2375 385 2446 Multa
400 2376 462 2446 alia
481 2375 595 2447 afferre
611 2397 743 2469 possem
762 2377 802 2447 ad
823 2377 959 2467 idquod
977 2371 1043 2446 dini
1063 2376 1354 2467 comprobandum,
1410 2402 1416 2411 ·

244 2511 283 2562 ex
304 2513 440 2564 casuum
470 2492 617 2563 doctrina
645 2473 811 2585 propriam
843 2492 1010 2583 scriptoris
1039 2491 1181 2563 indolem
1210 2490 1354 2562 illucere.

242 2609 313 2675 Huc
332 2604 414 2676 adde
433 2607 557 2678 nullam
581 2629 654 2679 esse
679 2609 823 2700 syntaxis
846 2607 973 2699 paitem
991 2607 1024 2676 in
1044 2627 1109 2698 qua
1126 2607 1230 2699 magis
1249 2627 1357 2698 gram-

243 2720 447 2805 maticorum,
479 2732 661 2796 nostratum
675 2726 718 2794 'in
741 2725 867 2816 primis,
901 2723 1068 2814 ingenium
1105 2743 1140 2793 sc
1165 2722 1355 2805 exercuerit,

243 2833 366 2906 nuliam
387 2835 505 2906 iterum
529 2839 569 2908 de
589 2859 654 2929 qua
677 2848 743 2908 tam
767 2839 852 2908 inter
873 2859 917 2908 wsc
941 2837 1157 2928 discrepantia
1179 2838 1219 2907 ab
1242 2837 1357 2907 iisdem

242 2950 458 3040 proferantur.
480 2957 525 3022 Ex
544 2954 664 3044 quibus
684 2955 716 3024 id
731 2975 791 3046 ego
811 2954 968 3045 excerpsi,
991 2954 1079 3045 quod
1097 2953 1177 3022 mihi
1194 2953 1358 3024 doctrinae

243 3073 400 3156 tunquam
419 3070 561 3142 essentia
577 3071 716 3153 videtur,
739 3080 770 3142 et
791 3071 935 3141 diversas
965 3070 1005 3140 dc
1024 3089 1063 3140 ea
1088 3089 1123 3139 re
1143 3069 1305 3139 doctrinas
1324 3068 1357 3137 in

242 3182 416 3271 quamdam
446 3186 626 3274 synthesim
643 3186 830 3258 'conciliare
853 3194 989 3256 conatus
1014 3206 1099 3266 sum,
1122 3184 1156 3252 in
1179 3184 1212 3253 id
1234 3176 1357 3274 praeci·
1431 3226 1434 3234 ,

241 3317 339 3388 puarn
355 3297 547 3388 impendens
562 3322 707 3392 operam,
725 3311 761 3372 ut
775 3301 885 3373 omnia
902 3323 985 3392 quae
1000 3309 1077 3372 sunt
1093 3308 1263 3391 poetarum
1281 3320 1357 3390 pro-

241 3411 323 3501 pria,
344 3431 447 3503 eaque
465 3417 653 3504 praesertim
676 3436 760 3506 quae
783 3416 916 3506 propria
935 3413 1065 3506 Vergilii
1084 3433 1157 3484 esso
1175 3412 1354 3504 comperui,

242 3526 370 3618 singula
390 3547 450 3600 suo
472 3530 543 3601 loco
571 3541 803 3603 enumerentur
827 3540 859 3602 et
878 3530 968 3601 brevi
993 3529 1212 3620 disputatione
1237 3529 1356 3600 collus-

241 3652 378 3716 trontur.
