3490 5604
942 629 1122 714 --97-Ι

473 813 510 884 t.
530 813 567 896 V,
584 815 647 881 777
663 831 681 880 n
701 813 740 882 Et
752 807 909 901 quidquid
926 817 1032 882 77777
1057 808 1234 880 invalidum
1254 821 1458 902 notansque
1467 809 1578 899 pericii

473 935 523 1000 est
536 927 691 1020 Delige.»
1602 1021 1605 1026 Α

516 1041 561 1111 Gi.
582 1045 660 1112 Hor.
677 1040 737 1112 0d.
753 1044 806 1124 tv,
822 1044 854 1123 9,
874 1043 915 1110 37
936 1063 954 1108 «
972 1049 1004 1112 77
1016 1043 1173 1112 abstinens
1193 1040 1340 1112 ducentis
1355 1040 1396 1112 ad
1411 1060 1446 1112 se
1465 1049 1579 1112 cuncta

468 1160 671 1248 77777777.»
701 1159 758 1238 111,
792 1161 824 1239 9,
863 1161 904 1225 79
932 1181 948 1220 o
975 1155 1115 1227 citharae
1147 1156 1302 1228 sciens.»
1339 1155 1423 1226 Ibid.
1446 1160 1500 1239 79,
1537 1161 1579 1224 76

472 1302 488 1340 n
509 1275 662 1343 ainornm
687 1285 875 1342 metuens.»
909 1270 1010 1362 Epist.
1031 1274 1074 1354 ΙΙ,
1095 1277 1128 1356 2,
1151 1276 1171 1340 5
1196 1293 1215 1340 n
1240 1283 1377 1342 metuens
1407 1268 1580 1362 pendentis

471 1389 659 1458 habenae.»

515 1502 626 1580 777777.Ι
640 1501 706 1573 uit.
718 1501 762 1594 gi.
776 1504 830 1587 IV,
847 1507 880 1587 2,
897 1507 939 1572 58
952 1525 970 1571 «
986 1506 1065 1573 Nam
1080 1501 1166 1573 huna
1180 1501 1315 1572 anulum
1327 1501 1367 1571 ab
1380 1504 1430 1572 tai
1442 1502 1582 1592 capienti

472 1618 548 1690 hnic
561 1618 673 1690 detuli.
697 1642 715 1686 »
738 1622 865 1690 Terent.
886 1618 1017 1690 Phorm.
1038 1622 1091 1702 tv,
1114 1621 1147 1700 3,
1165 1623 1205 1687 78
1225 1613 1404 1706 «fogitani
1416 1620 1531 1687 titiam.
1559 1639 1581 1683 n

472 1734 535 1805 Cic.
550 1733 591 1804 ad
605 1734 714 1818 Quint.
731 1734 771 1804 ir.
788 1737 814 1817 1,
831 1739 864 1818 2,
900 1739 934 1803 77
960 1755 979 1801 n
998 1736 1062 1804 77777
1075 1734 1365 1802 observantissimus
1383 1740 1415 1803 77
1431 1736 1484 1803 sai
1496 1733 1582 1804 iaris

472 1849 700 1942 dignitatisque
717 1852 864 1920 retinens.
891 1872 910 1918 >›
938 1849 1004 1918 Liv.
1034 1852 1088 1931 lx,
1115 1853 1169 1931 78,
1192 1853 1205 1916 7
1242 1848 1437 1920 «Secundis
1466 1847 1580 1931 rebus,

471 1985 611 2056 pitaram
624 1985 719 2038 nemo
738 1967 957 2036 intolerantior
983 1964 1095 2036 init.»
1124 1966 1231 2048 XXIV,
1260 1970 1315 2049 25,
1342 1965 1583 2052 9777779777

471 2084 610 2155 traraa.
632 2105 651 2152 »
676 2083 846 2173 inantpens
863 2080 949 2174 apud
968 2080 1153 2153 Ciceronem
1172 2100 1301 2173 semper
1320 2101 1395 2154 oum
1414 2079 1533 2154 dativo.

671 2437 712 2510 C.
740 2435 927 2508 Genetious
948 2434 1138 2508 abiectiores
1159 2457 1234 2507 cum
1256 2434 1383 2508 uerbis.

518 2721 550 2786 7.
571 2753 612 2769 -
627 2719 706 2787 Cum
718 2715 825 2787 verbis
837 2718 942 2806 copiae
955 2724 986 2787 et
998 2717 1133 2807 inopiae.

516 2863 602 2960 Haec
620 2858 718 2930 verba
732 2858 907 2930 ablativum
922 2867 997 2950 post
1015 2880 1049 2930 se
1067 2857 1249 2950 requirunt,
1269 2867 1366 2950 atque
1387 2858 1466 2930 haec
1484 2878 1581 2931 cons-

473 2974 588 3046 truotio
607 2994 666 3066 pro
685 2975 779 3045 solita
798 2983 830 3045 77
843 2975 966 3066 vulgari
981 2974 1130 3046 habenda
1153 2984 1214 3046 est.
1229 2978 1376 3045 Attamen
1391 2994 1457 3045 non
1472 2974 1581 3045 solum

473 3101 598 3182 poetae,
627 3089 684 3163 sed
717 3099 749 3162 77
775 3090 899 3162 solutae
919 3091 1074 3163 orationis
1095 3091 1268 3183 scriptores
1286 3089 1470 3184 genetivum
1483 3090 1580 3160 etiam

474 3204 525 3275 his
540 3204 646 3275 verbis
676 3205 888 3298 subiungunt.
910 3206 1074 3290 Quaedam
1106 3227 1181 3277 vero
1205 3205 1304 3278 verba
1321 3206 1432 3299 copiae
1448 3205 1581 3296 potissi-

364 3336 366 3340 ’
473 3341 564 3392 777
592 3342 611 3391 7
634 3323 738 3414 poetis
771 3344 844 3394 oum
877 3323 1024 3416 genetivo
1050 3331 1294 3407 construuntur,
1324 3342 1407 3415 quae
1431 3321 1464 3392 in
1483 3341 1583 3413 prosa

472 3439 618 3510 oratione
632 3460 760 3532 semper
771 3460 846 3513 oum
860 3441 998 3512 ablativo
1017 3440 1271 3533 coniunguntur.

518 3571 660 3657 indigae
690 3570 776 3661 apud
809 3569 993 3643 Ciceronem
1025 3569 1133 3661 ipsum
1162 3569 1293 3662 saepius
1323 3589 1397 3641 cum
1433 3568 1580 3662 genetivo

475 3703 575 3774 quam
599 3705 673 3756 oum
687 3685 752 3756 abl.
775 3685 929 3777 iungitur.
947 3685 1050 3756 Ceteri
1062 3685 1200 3776 prosaici
1213 3685 1387 3776 scriptores
1400 3683 1583 3758 ebibitum

473 3807 649 3891 utrumque
667 3821 778 3872 casum
809 3800 996 3871 admittunt.
1027 3801 1121 3891 Apud
1142 3801 1318 3893 Vergilium
1344 3820 1420 3872 vero
1445 3799 1582 3876 vernum

475 3915 575 3987 semel
588 3917 737 4001 occurrit,
752 3925 784 3990 77
801 3936 875 3987 777
888 3915 1034 4007 genetivo
1053 3917 1253 3988 construitur
1270 3922 1306 3988 E.
1326 3921 1369 4000 ΙΙ,
1385 3919 1420 3985 77
1456 3939 1482 3984 n.
1496 3914 1581 3998 Quin

473 4039 510 4101 77
527 4031 648 4123 aliquid
663 4033 777 4103 saltem
791 4031 918 4123 potius,
929 4053 1065 4120 puerant
1077 4035 1194 4120 indiget
1208 4052 1290 4104 usus
1310 4055 1328 4100 s
1343 4069 1384 4082 —-
1412 4030 1458 4102 Cf.
1474 4031 1579 4102 Plaut.

473 4145 549 4216 cist.
564 4151 591 4231 Ι,
607 4153 638 4231 7,
655 4153 697 4219 33
711 4147 855 4219 «volunt
870 4188 911 4198 -
928 4147 1043 4239 suique
1057 4150 1198 4217 omniurn
1209 4145 1320 4218 rann
1333 4168 1394 4219 nos
1408 4149 1579 4242 indigere.»

472 4266 599 4332 Terent.
614 4263 713 4337 Andr.
734 4267 771 4347 V,
793 4268 825 4347 3,
855 4268 895 4332 79
915 4286 933 4332 tt
960 4263 1058 4346 Quasi
1084 4272 1120 4335 77
1148 4263 1247 4335 huius
1266 4266 1405 4352 indigeas
1424 4264 1580 4353 patrm»

473 4376 536 4450 Cio.
552 4377 592 4449 de
604 4386 685 4451 orat.
697 4382 724 4462 Ι,
739 4383 794 4462 37,
804 4383 867 4450 756
883 4382 978 4450 «Non
990 4387 1056 4449 tam
1069 4383 1151 4450 artis
1164 4381 1304 4468 indigent
1316 4398 1415 4470 qnam
1428 4378 1579 4447 tabern.»

516 4511 614 4596 Egere
630 4527 704 4579 oum
733 4507 871 4580 ablativo
897 4508 979 4579 solet
1000 4509 1146 4582 construi
1161 4533 1171 4593 ;
1186 4508 1355 4602 genetivus
1369 4515 1478 4578 tamen
1493 4503 1580 4596 apud

473 4622 619 4696 omnium
639 4632 780 4699 aetatum
799 4625 972 4718 scriptores
986 4625 1160 4699 invenitur.
1176 4624 1337 4720 vergilius
1350 4632 1388 4698 et·
1394 4620 1579 4721 genetivum
