3490 5604
733 672 907 742 ..37.-

259 873 366 926 ,eausa
382 852 522 936 admisit,
551 845 584 924 in
608 853 726 946 quibus
753 855 918 948 genetivus
937 853 1035 926 totius
1053 839 1204 927 relativae
1222 856 1371 931 enuntia-

269 970 365 1043 tionis
385 979 491 1061 partes
506 969 599 1060 gerit,
617 985 648 1040 et
665 971 762 1042 modo
778 991 919 1054 eausam,
939 970 1036 1056 modo
1055 970 1153 1042 finem
1173 981 1204 1042 et
1223 973 1371 1064 proposi-

270 1093 352 1166 tum,
373 1085 470 1157 modo
488 1085 584 1155 aliam
601 1086 789 1158 relationem
809 1087 969 1177 exprimit.
991 1091 1026 1156 Α.
1046 1091 1082 1169 V,
1105 1093 1168 1157 llo
1188 1111 1206 1155 «
1226 1088 1371 1168 Chimae-

269 1223 351 1284 ram,
369 1205 457 1272 urdr's
476 1223 570 1293 opus.
600 1225 618 1269 n
637 1207 676 1285 Χ,
703 1209 766 1274 lod
800 1227 818 1270 ‹<
839 1203 960 1286 Sidera,
992 1215 1110 1294 opacae
1136 1207 1234 1298 odolla
1258 1205 1369 1275 iter.»

270 1320 329 1407 (π
341 1318 459 1408 quibus
476 1339 590 1391 cursus
605 1340 663 1411 per
682 1328 808 1390 nostem
827 1319 1001 1410 dirigitur).
1022 1323 1091 1402 llil,
1113 1325 1177 1390 603
1197 1343 1219 1388 ι«
1244 1321 1370 1393 Nodum

245 1495 249 1504 ,
269 1435 416 1505 informis
428 1425 480 1506 leti
494 1435 583 1506 trabe
596 1425 694 1507 nectit
712 1435 751 1505 ab
766 1435 853 1505 alta»
869 1437 923 1523 (=
939 1435 1061 1506 nodum
1076 1455 1140 1526 quo
1158 1434 1220 1526 sibi
1235 1444 1372 1508 mortem

270 1547 471 1639 adsciscat);
505 1551 545 1620 et.
576 1551 686 1642 Eurip.
713 1550 843 1642 Hippol.
869 1557 932 1620 802
961 1565 1058 1642 βρόχον
1078 1563 1373 1643 upapam-vantem

270 1680 392 1755 ἀνήψατο.
411 1666 533 1737 Ennius
552 1670 633 1736 dnn.
654 1667 676 1735 l.
698 1671 713 1736 Ι
731 1689 748 1734 «
769 1667 856 1736 Utrei
873 1668 999 1759 magnei
1016 1669 1151 1736 victorio
1170 1667 1211 1737 sit
1231 1667 1305 1738 data
1318 1687 1372 1734 re-

268 1783 339 1868 puei
367 1783 426 1870 (=
441 1803 506 1874 qua
527 1803 662 1874 regnum
686 1783 869 1871 obtineret).
904 1787 971 1876 Vll,
999 1786 1070 1876 fili
1092 1805 1110 1850 «
1135 1803 1213 1874 gens
1243 1791 1374 1856 assueta

269 1897 372 1967 multo
391 1911 506 1966 orooro
528 1917 724 1967 nemorum»
746 1899 813 1984 (=
833 1907 950 1967 venatu
973 1898 1005 1966 in
1033 1897 1243 1992 nemoribus3
1269 1897 1373 1992 audax

270 2009 400 2101 quidem
420 2011 626 2108 ¹constructio,
648 2032 687 2080 ex
708 2031 773 2102 qua
789 2011 1032 2082 coniectaverim
1047 2014 1165 2105 *oeuorr'
1188 2033 1261 2084 eum
1280 2033 1373 2084 aedu-

270 2125 371 2198 sativo
384 2126 527 2209 construi
538 2147 649 2218 posse:
666 2131 776 2198 nemori
787 2128 1163 2220 nemoraddlladewig.
1180 2128 1371 2217 odiosum)

437 2498 477 2566 B.
501 2495 680 2566 Genitivus
699 2496 886 2567 obiectione
905 2518 979 2566 crem
998 2494 1192 2568 adiectivis.

314 2743 462 2814 Infinitus
481 2753 530 2814 est
549 2766 704 2817 numerus
724 2745 951 2816 adieetivorum
965 2765 1047 2836 quae
1069 2743 1167 2813 Latini
1186 2748 1259 2814 curn
1275 2763 1372 2834 gene-

271 2859 335 2930 tivo
359 2860 515 2931 obieotivo
543 2869 745 2932 construunt.
774 2865 814 2931 Ut
836 2862 920 2932 enim
944 2860 1109 2952 genetivus
1136 2859 1373 2930 substantivum

271 2977 322 3045 oni
336 2976 521 3068 adiungitur
534 2977 656 3061 definit,
678 2978 724 3048 sio
741 2988 772 3048 et
790 2977 945 3048 adieetivo
963 2975 1166 3058 subiunctus
1183 2974 1253 3045 eius
1267 2974 1373 3044 adiec-

272 3089 326 3159 tivi
349 3091 525 3173 notionem,
543 3093 678 3183 propius
697 3091 808 3163 definit
826 3100 859 3162 et
879 3091 1004 3160 limitat.
1025 3095 1060 3159 ln
1081 3089 1374 3163 adieetivo-suilieet

258 3205 354 3276 -inest
377 3207 465 3278 notio
489 3209 672 3290 nominalis.
694 3213 734 3279 Ut
752 3208 837 3290 eninr
856 3209 1007 3276 memorio
1030 3207 1173 3296 temporis
1192 3209 1370 3296 praeteriti,

271 3325 390 3410 fiducia
406 3344 526 3406 rerum,
561 3324 745 3395 siememor
773 3326 918 3412 temporis
944 3326 1120 3412 praeteriti,
1152 3325 1234 3412 fidus
1264 3343 1373 3398 rorum

258 3436 398 3509 dieitur.
411 3443 447 3508 ln
460 3450 597 3530 utraque
614 3440 751 3531 genetivi
768 3438 1005 3510 construetione
1020 3438 1084 3508 duo
1100 3437 1248 3508 notiones
1261 3438 1372 3508 eadem

272 3553 456 3624 rationein
487 3576 585 3623 unam
612 3556 803 3637 eonllantur,
825 3574 961 3644 quarum
987 3551 1152 3644 genetivus
1176 3553 1370 3644 generalem,

272 3684 389 3752 nomen
408 3685 483 3737 vero
503 3658 607 3759 genet.
629 3689 744 3760 regens
765 3669 958 3759 peculiarem
976 3667 1129 3738 continet.

314 3785 355 3852 Ut
374 3802 443 3852 rem
461 3783 573 3854 ordine
600 3784 782 3875 disponam,
813 3806 851 3854 ea
868 3783 1021 3854 adiectiva
1038 3781 1170 3852 relativa
1187 3781 1218 3851 in
1239 3782 1370 3864 classes

273 3899 379 3970 habita
392 3899 632 3989 significationis
648 3901 782 3982 ratione,
804 3900 986 3990 dispertiar.
1078 3917 1080 3920 ·

314 4097 359 4188 Δ)
378 4097 538 4169 Adiectiva
551 4099 694 4166 desiderii
711 4105 742 4167 et
759 4099 883 4185 foetido·
900 4097 1094 4179 3-u0ttriue
1108 4105 1140 4167 et
1155 4096 1369 4184 ignoruntium

271 4255 312 4266 -
330 4235 408 4284 usos
426 4223 458 4284 et
475 4215 717 4284 mosuetodt'ur's.

314 4334 392 4398 Cum
421 4329 567 4419 genetivo
595 4328 766 4418 scriptores
790 4327 940 4397 olassieae
964 4325 1128 4395 latinitatis
1152 4331 1367 4410 construunt:

269 4446 394 4526 uvidus,
415 4445 559 4532 cupidos,
580 4446 750 4524 studiosam,
767 4483 807 4492 —
823 4445 975 4526 conscios,
995 4443 1124 4522 iustius,
1141 4442 1274 4520 omerus,
1288 4459 1370 4526 guu-

270 4579 339 4639 rtvs‚
362 4561 509 4645 ignaros,
535 4561 668 4648 peritos,
702 4560 878 4647 imperitos,
902 4559 1053 4646 prodens,
1077 4556 1268 4645 imprudens,
1292 4575 1370 4644 pro-

269 4676 373 4758 vidos,
392 4694 520 4756 memor,
540 4678 711 4758 immemor,
731 4675 834 4756 rudis,
856 4674 1000 4754 insoleus,
1024 4674 1178 4761 insuetos,
1195 4671 1368 4758 consultus,
