3528 5604
753 737 904 803 -9..

200 935 203 946 '
279 945 371 997 suam
394 941 526 1016 operam
544 920 585 992 ad
598 918 781 993 universam
798 918 886 992 illam
904 919 1032 1014 linguae
1050 919 1168 993 latinae
1191 923 1377 1014 grammati-

278 1057 348 1134 eam
366 1032 595 1108 conficiendam
611 1031 827 1110 eantulerrmt.
849 1030 911 1103 Sed
937 1052 1011 1103 eum
1036 1032 1110 1104 illae
1136 1031 1378 1106 dissertationes

279 1171 395 1244 magna
411 1171 452 1222 ex
464 1156 554 1240 parte
565 1155 726 1229 externos,
743 1149 919 1218 Germanos
931 1133 1101 1239 imprimis,
1118 1147 1257 1219 habeant
1268 1159 1378 1222 aueto-

279 1288 343 1351 res,
368 1265 532 1358 dispersae
553 1262 675 1355 passim
693 1263 797 1348 iaeent
820 1271 853 1334 et
871 1262 1117 1353 praetermissae
1144 1263 1330 1337 dilabuntur
1347 1273 1379 1337 et

279 1388 482 1456 evanescunt.

323 1498 414 1583 Quod
432 1496 473 1568 ad
490 1494 664 1588 Vergilium
684 1493 833 1586 pertinet,
849 1492 1009 1585 permulta
1027 1493 1068 1566 de
1084 1495 1173 1567 omni
1190 1495 1378 1588 quaestione
1517 1589 1519 1594 Ι

280 1615 445 1696 enucleata
457 1620 545 1696 sunt,
562 1631 622 1682 nee
634 1610 752 1683 desunt
765 1610 806 1681 de
822 1609 892 1680 eius
906 1609 1031 1701 syntaxi
1045 1612 1211 1702 opuscula.
1227 1611 1290 1683 Sed
1303 1634 1377 1684 eum

279 1732 405 1803 nulium
420 1729 525 1800 adhue
542 1735 655 1809 exstet,
672 1747 737 1818 quo
755 1725 861 1797 omnis
873 1724 1007 1797 materia
1020 1733 1172 1798 tractetur
1185 1735 1218 1799 et
1228 1728 1379 1801 uniuersa

278 1847 475 1940 Vergilianae
489 1840 632 1936 syntaxis
645 1841 790 1914 doctrina
803 1841 992 1924 illustretur,
1009 1862 1180 1936 aggressus
1194 1863 1279 1928 sum,
1296 1864 1378 1936 quae

258 1977 260 1984 ’
279 1955 319 2034 de
332 1961 512 2054 Vergiliano
532 1977 666 2030 casuum
679 1977 743 2028 usu
760 1956 864 2028 insius
876 1957 998 2048 passim
1011 1955 1175 2048 disputata
1188 1968 1275 2042 sunt,
1293 1980 1379 2031 nune

280 2079 313 2151 iu
326 2077 470 2150 libellum
482 2073 690 2148 'condensata
716 2073 856 2145 breviter
874 2082 907 2144 et
923 2073 1116 2158 iurulentae,
1138 2075 1378 2166 quantumiieri

278 2193 394 2286 potuit,
414 2212 586 2284 exponere.

322 2310 420 2381 Multo
434 2309 514 2379 mihi
532 2309 716 2382 adiumento
736 2308 815 2379 haee
832 2306 962 2378 fuerunt
979 2305 1158 2398 opuscula:

321 2427 385 2492 Der
401 2425 496 2492 Datin
510 2425 565 2492 der
581 2425 747 2512 eicerem,
773 2440 836 2493 ven
855 2420 1028 2492 Sehroeter.
1142 2489 1145 2498 ,

322 2535 386 2609 Der
400 2541 497 2608 Datin
524 2539 569 2608 dei
594 2537 707 2627 Verpr't,
734 2543 920 2630 Pregramm
944 2536 1002 2608 des
1025 2537 1377 2628 staats-Gymnasium

279 2673 320 2724 zu
341 2653 534 2750 Innsbriiek,
561 2658 656 2737 t873,
672 2672 735 2725 ven
750 2657 787 2722 l)r
800 2652 906 2723 Dittel.

322 2775 368 2840 De
388 2773 519 2851 edietiee'
536 2775 632 2862 epted
661 2772 838 2841 Terentiana
856 2790 932 2841 -rtsrr
945 2781 972 2840 et
985 2771 1111 2842 'ratione
1137 2769 1265 2863 scripsit
1294 2774 1375 2863 Aug.

280 2881 459 2966 Heinriehs,
479 2883 642 2976 Elbingae,
659 2889 755 2954 ⁴859.

300 3079 304 3092 ,
323 3005 368 3070 De
383 3019 517 3072 resuere
535 3002 799 3081 mulierarium,
818 3008 947 3072 auctore
958 2993 1101 3091 Ebeling,
1117 3001 1374 3094 Wemigeredae
1464 3064 1469 3074 ,

282 3120 295 3184 i
302 3120 377 3184 866.

328 3234 422 3301 Uener
434 3231 531 3319 eintpe
543 3233 735 3312 Zeitredrtem
750 3234 859 3302 welche
872 3233 1046 3314 eetdieero,
1064 3234 1256 3302 cauernae
1265 3235 1377 3304 Livius

280 3349 339 3417 mit
360 3349 429 3416 dem
459 3348 573 3416 diessen
599 3347 736 3416 Abtetiu
752 3349 831 3416 ead
843 3348 913 3416 dra
924 3351 1172 3436 praepositionem
1191 3370 1222 3432 e,
1245 3349 1306 3432 de,
1325 3370 1375 3432 ex,

280 3467 456 3534 retundere
476 3465 608 3532 werdae.
636 3467 823 3554 Programm
844 3483 885 3532 zu
909 3463 1182 3546 bertmundum
1208 3469 1246 3533 i}r
1267 3465 1378 3536 Hilde-

282 3575 395 3663 brand,
418 3584 515 3654 ⁴859.
1023 3587 1043 3612 ··

324 3700 387 3765 Der
400 3697 553 3765 Fertitiee
570 3698 704 3765 Detierts
723 3697 768 3764 eei
785 3695 975 3765 *neminen
999 3697 1150 3766 Dichterrr
1166 3697 1232 3765 trad
1249 3700 1379 3766 Prosei-

284 3813 371 3888 tern,
393 3807 460 3881 'ron
479 3815 577 3880 Franz
601 3810 780 3882 Nieliinder.
804 3815 990 3902 Pregramm
1004 3815 1100 3894 tarr,
1117 3811 1376 3884 Schneidemiihl.

317 3931 405 3996 'Tum
437 3935 468 3997 et
494 3927 596 3996 muita
619 3927 651 3997 in
674 3947 771 3997 usum
794 3947 903 3997 meum
935 3947 974 3997 ex
1002 3927 1092 3998 libris
1120 3928 1311 4019 uraegeriffl
1348 3936 1381 3999 et

283 4040 425 4110 Kiiitneri
438 4041 465 4095 θ)
489 4040 621 4123 detraxi,
657 4041 697 4110 ad
729 4061 811 4133 ques
831 4041 952 4132 utique
977 4042 1029 4114 iis
1048 4043 1289 4125 devertendum,
1323 4043 1380 4134 qui

283 4154 412 4226 latinam
430 4156 572 4248 linguam
592 4157 721 4228 student
739 4157 931 4247 perdiscere.

309 4696 338 4776 dr
351 4696 470 4740 Historiehe
480 4695 560 4751 syntax
569 4696 608 4741 der
616 4695 655 4740 lat.
666 4696 770 4753 spraeue.
780 4696 872 4754 Leipzig,
883 4697 978 4743 idn-77.

308 4776 338 4830 (tt
351 4775 499 4822 aerumnam
506 4777 637 4822 Grammettk
646 4777 684 4824 der
692 4775 732 4825 lat.
740 4777 852 4834 spretum
860 4778 980 4832 muman,
991 4779 1093 4825 lew-itt
