3528 5604
224 871 287 937 730
303 889 320 933 (Ι
338 870 434 935 Arma
452 866 643 934 torrendum
662 883 811 934 sonuere.
830 887 847 932 u
869 867 933 933 793
949 885 967 930 Ι
982 861 1101 932 Acerba
1118 871 1224 934 tuens.
1247 885 1265 930 »
1284 867 1323 945 ΙΙ,

223 986 287 1053 273
301 1003 321 1050 Ι(
331 985 478 1051 cometae
491 980 658 1072 sanguinei
670 982 801 1068 tenebre
812 977 940 1050 rubent.
957 1001 975 1046 u
988 982 1051 1048 726
1067 1001 1084 1044 ΙΙ
1098 977 1222 1056 Gaudet
1232 977 1326 1047 hians

223 1103 370 1168 immane.
389 1121 407 1165 »
425 1102 479 1180 ΙΙΙ,
499 1103 563 1168 846
578 1119 596 1164 (Ι
612 1111 752 1167 cutberto
764 1105 957 1188 gementem.
975 1119 996 1164 »·
1011 1100 1080 1178 ΙΙΙΙ,
1097 1101 1161 1166 398
1176 1119 1194 1162 Ι
1209 1098 1328 1166 Acerba

224 1213 375 1283 lremens.
399 1217 500 1282 »535
521 1235 539 1280 «
560 1215 695 1282 immune
709 1211 868 1282 frementi.
891 1234 909 1279 u
929 1210 974 1280 ol.
991 1213 1028 1279 G.
1049 1214 1106 1293 ΙΙΙ,
1123 1217 1199 1281 229.
1229 1213 1265 1278 Α.
1286 1215 1325 1293 Χ,

226 1334 267 1398 84
283 1353 302 1397 Ι(
320 1333 383 1400 llos
397 1329 521 1417 aliquid
534 1329 672 1399 Rutulos
686 1327 838 1398 iuvimus.
861 1351 878 1396 »
893 1330 950 1410 ΙΙΙ,
968 1332 1010 1397 66
1029 1351 1046 1394 Ι
1066 1329 1142 1416 quid
1157 1347 1222 1398 non
1241 1348 1328 1399 mor-

226 1445 602 1537 taliapectoraoogist»
1249 1507 1252 1512 .

270 1559 327 1630 Ille
347 1560 518 1632 accusativi
545 1559 736 1631 adverbialis
765 1579 846 1630 nsus
873 1547 959 1651 apud
986 1567 1108 1630 veteres
1129 1559 1326 1642 rarissimus,

227 1677 313 1768 apud
332 1677 517 1752 Ciceronem
542 1677 606 1746 iam
632 1675 842 1767 frequentior,
863 1685 932 1746 tum
946 1675 1032 1767 apud
1051 1685 1162 1767 poetas
1180 1676 1330 1766 lrequen-

227 1791 385 1874 tissimus,
404 1790 555 1882 equibus
569 1790 758 1881 posterioris
774 1790 888 1860 aetatis
902 1809 1000 1881 prosa
1018 1791 1119 1861 oratio
1137 1777 1238 1860 multa
1257 1811 1330 1861 mu-

228 1914 389 1978 tuataest.

272 2022 316 2093 Cl.
338 2023 441 2093 Plaut.
468 2022 533 2092 Mil.
561 2024 610 2093 Gl.
637 2026 723 2092 ltro
743 2045 761 2089 Ι
781 2021 821 2089 Id
846 2041 907 2092 nos
926 2020 967 2092 ad
990 2031 1033 2105 te,
1057 2021 1084 2092 si
1114 2023 1192 2114 quid
1219 2023 1328 2106 velles,

193 2137 198 2150 '
230 2138 389 2209 uenimus.
407 2161 425 2208 u
445 2177 485 2191 --
503 2143 596 2210 Most.
616 2141 679 2207 733
698 2160 716 2203 Ι
735 2140 826 2206 Nunc
841 2136 914 2220 boc,
933 2139 1015 2225 quod
1030 2137 1070 2206 ad
1096 2147 1127 2208 te
1153 2147 1263 2209 noster
1280 2157 1332 2208 me

230 2255 319 2326 misit
333 2275 444 2326 senex.
461 2277 479 2328 u
499 2253 614 2344 lmpb.
633 2257 697 2322 909
717 2273 735 2318 Ι
756 2255 794 2320 Et
812 2253 846 2320 id
858 2251 922 2321 huc
935 2252 1065 2334 revorti,
1091 2260 1127 2321 ut
1145 2271 1197 2322 me
1214 2272 1333 2344 pnrga-

231 2389 300 2442 rem
314 2370 383 2440 tibi.
400 2394 418 2440 »
433 2371 525 2462 Apud
539 2368 721 2439 Lucretium
735 2367 997 2457 frequentissima
1007 2367 1203 2439 constructio
1217 2393 1226 2451 ;
1241 2389 1333 2459 prae-

232 2486 326 2577 cipue
335 2485 521 2557 adamatum
532 2486 678 2557 Lucretio
691 2493 740 2556 est
750 2499 877 2568 mutue,
893 2489 934 2567 ΙΙ,
949 2489 990 2556 76
1006 2507 1024 2551 ΙΙ
1043 2485 1170 2557 intense
1181 2485 1333 2558 mortales

231 2615 347 2675 moloc
360 2602 481 2674 vivunt.
501 2625 519 2672 >›
533 2606 585 2685 IV,
602 2607 665 2673 326
681 2625 698 2670 Ι
713 2623 731 2672 e
745 2603 835 2672 laevo
848 2601 890 2670 sit
900 2614 1014 2671 mutuo
1027 2601 1149 2672 dexter.
1165 2625 1183 2670 »
1197 2606 1233 2685 v,
1252 2607 1333 2673 1063
1440 2625 1442 2632 ·

234 2743 253 2787 Ι
270 2719 392 2790 irritata
404 2729 521 2790 canum
535 2738 610 2788 cum
630 2719 772 2810 primum
788 2721 925 2788 immone
942 2719 1118 2790 Molossum
1137 2719 1244 2791 Mollia
1257 2719 1336 2788 ricta

234 2835 420 2908 fremunt.»
440 2835 542 2906 catut
565 2841 619 2918 tl,
641 2842 660 2905 5
680 2858 698 2902 (Ι
714 2838 811 2905 Dulce
826 2835 994 2906 ridentem.
1017 2859 1035 2903 »
1051 2841 1130 2906 Hor.
1158 2836 1217 2906 0d.
1234 2839 1261 2918 Ι,
1278 2840 1332 2917 22,

234 2956 276 3022 23
304 2973 322 3020 Ι(
353 2953 449 3022 Dulce
477 2951 635 3022 ridentem
654 2950 791 3042 Lalagen
817 2951 944 3033 amabo,
973 2951 1334 3042 conloquentem.»

236 3071 268 3136 S.
287 3071 313 3150 Ι,
331 3071 363 3151 3,
381 3072 423 3137 26
449 3089 467 3133 Ι
486 3071 550 3137 Cur
564 3066 598 3136 in
623 3066 800 3138 amicorum
818 3067 903 3136 uitiis
927 3075 993 3136 tam
1010 3067 1114 3137 cernis
1132 3069 1293 3136 ocutumt
1316 3087 1334 3132 »

236 3183 336 3275 Epist.
353 3188 380 3266 Ι,
397 3189 429 3266 7,
450 3187 524 3254 27(
543 3183 657 3255 reddes
673 3182 764 3255 dulce
777 3186 878 3276 loqui.
897 3209 914 3253 u
931 3185 990 3255 Od.
1005 3189 1061 3268 ΙΙΙ,
1082 3191 1135 3269 27,
1149 3190 1224 3255 67(
1239 3189 1336 3276 perfi-

236 3289 317 3370 dom'
329 3297 437 3370 ridens
450 3297 569 3370 Venus.
587 3321 623 3369 ».
635 3352 644 3370 .
657 3351 665 3370 .
678 3351 687 3369 .

280 3421 342 3488 Nec
355 3416 461 3490 solum
479 3415 643 3499 adiectus,
665 3415 721 3486 sed
736 3424 768 3486 et
782 3414 982 3486 substantiva
1007 3416 1052 3487 sic
1068 3415 1290 3487 adverbialiter
1303 3417 1336 3486 in

241 3540 393 3614 accusat,
413 3552 479 3602 non
494 3531 599 3602 solnm
618 3552 638 3602 a
655 3531 770 3621 poetis,
793 3531 849 3602 sed
867 3540 899 3602 et
917 3553 936 3602 a
953 3532 1108 3623 prosaicis
1128 3530 1337 3623 scriptoribus

242 3655 482 3721 construuntur.
502 3669 534 3720 r.
546 3665 582 3739 g.
600 3655 735 3738 partem,
756 3647 869 3731 ricem,
884 3657 943 3718 etc.

284 3762 387 3832 Plaut.
417 3762 482 3835 llil.
512 3766 579 3832 (tlt
602 3784 620 3829 ΙΙ
643 3767 682 3833 nt
703 3783 804 3832 neem
823 3777 948 3852 pectem
963 3762 1074 3834 itidem
1106 3774 1209 3836 tacere
1239 3782 1338 3854 quom

244 3877 377 3952 alienast
399 3878 513 3950 oratio.
541 3901 562 3946 ,»
585 3882 678 3948 Lucr.
703 3883 761 3961 ΙΙΙ,
791 3882 832 3948 ol
857 3901 875 3946 Ι
899 3879 978 3949 baec
1001 3880 1131 3951 volnera
1157 3881 1240 3952 vitae
1269 3885 1338 3950 Non

242 3995 418 4063 minumum
428 4006 550 4082 portem
561 3993 674 4064 mortis
687 3993 857 4064 formidine
873 3994 1014 4066 aluntur.
1030 4019 1048 4064 r
1077 4001 1239 4090 Frequens
1253 3997 1339 4086 apud

245 4107 425 4181 Lucretium
440 4107 629 4180 adverbialis
648 4108 766 4179 locutio
779 4087 979 4197 quodqeccs,
996 4120 1028 4181 et
1041 4111 1127 4182 idem
1145 4111 1227 4182 valet
1245 4122 1340 4203 atquo

246 4225 305 4305 ito,
329 4225 430 4292 eodem
455 4224 556 4306 eodo,
580 4225 712 4311 coempti
728 4225 847 4310 pretio.
866 4224 934 4293 ΙΙΙ.
962 4229 998 4293 V.
1025 4228 1079 4308 tl,
1106 4232 1125 4293 6
1149 4249 1168 4294 Ι
1191 4247 1341 4314 moqcom

244 4353 366 4427 panon
381 4337 668 4413 bonoratissirnum
688 4359 859 4430 quemque.
880 4363 899 4408 Ι
918 4345 1000 4425 vill,
1022 4346 1075 4425 35,
1099 4347 1111 4410 l
1132 4365 1150 4409 Ι
1171 4346 1341 4433 stupentes

248 4452 394 4527 tribunos
412 4460 445 4523 et
460 4473 554 4524 scone
565 4455 661 4526 ricem
680 4451 782 4546 magis
800 4453 925 4526 aomos.
948 4477 965 4522 u
