3540 5612
701 657 896 726 „203”

236 843 381 914 aerniltas
394 841 522 931 ingens.
543 863 558 899 6
573 837 702 910 Servius
717 844 826 906 censet
836 837 1014 925 praedanti
1026 838 1134 923 forata
1155 843 1187 906 et
1201 838 1346 906 66666666

237 953 277 1023 ab
294 955 399 1041 tepens
428 951 579 1042 pendere.
610 954 679 1020 Non
711 949 766 1032 ita,
800 948 855 1020 sad
884 957 933 1018 est
961 948 1025 1018 abl.
1058 947 1169 1039 qualit.
1202 951 1256 1030 lx,
1283 953 1348 1018 529

237 1096 253 1133 a
271 1068 381 1140 Turris
394 1077 463 1138 erat
475 1079 564 1137 uasto
577 1078 724 1155 suspecta
737 1074 770 1135 et
779 1067 926 1154 pontibus
939 1066 1025 1134 altis.
1043 1087 1061 1132 »

279 1183 606 1255 Animadvertendum
623 1190 673 1252 est
690 1181 785 1252 etiam
813 1181 987 1272 Vergilium
1003 1201 1099 1271 saepe
1112 1180 1256 1253 ablativo⁴
1267 1201 1347 1270 qua-

236 1299 334 1371 litatis
352 1298 487 1369 verbum
502 1297 551 1368 vel
571 1296 764 1368 adieetivum
779 1296 987 1388 subiungere,
1004 1317 1070 1388 que
1083 1296 1241 1367 ablativus
1254 1296 1349 1386 quasi

236 1415 276 1484 ad
303 1415 490 1506 qualitatem
509 1413 755 1504 exprimendam
778 1413 948 1483 adiuvetur
970 1423 1001 1483 et
1024 1413 1125 1484 artius
1150 1433 1223 1484 aum
1241 1432 1346 1483 enun-

235 1529 368 1602 tiatione
387 1537 583 1600 annectatur.
617 1533 653 1598 E.
674 1532 711 1611 v,
732 1533 773 1598 90
793 1551 817 1596 <‹.
836 1528 1015 1599 formosum
1035 1531 1095 1617 (se.
1119 1528 1254 1619 pedum)
1281 1549 1345 1617 pa-

235 1649 324 1716 ribus
334 1647 434 1716 medis
449 1653 546 1734 atque
562 1665 644 1714 aare.
661 1667 679 1711 v>
699 1647 734 1713 A.
752 1648 794 1726 ΙΙ,
809 1649 874 1714 tol
888 1666 905 1711 v
920 1644 1038 1736 gemini
1052 1646 1345 1714 immensitatibus

236 1783 359 1854 angues
377 1761 577 1833 incumbunt
594 1762 720 1852 pelago.
746 1785 761 1824 6
780 1763 918 1853 Iungere
934 1780 1110 1851 pessumus
1130 1784 1138 1830 ε
1155 1781 1272 1848 aequas
1284 1763 1350 1828 iet-

234 1881 346 1948 menate
360 1879 441 1959 aab„
457 1877 506 1946 vel
522 1901 529 1946 :
545 1898 664 1965 aapaea
677 1879 861 1946 6666666666
878 1879 966 1945 imm.
981 1879 1047 1945 arb.
1063 1877 1137 1960 Sed,
1152 1886 1190 1947 ut
1204 1877 1345 1957 videtur,

237 1993 394 2063 ablativus
425 1991 588 2081 qualitatis
611 1991 645 2061 in
672 1991 846 2062 ablativum
872 1991 1079 2062 instrumenti
1102 1990 1277 2064 reducitur.
1304 1994 1341 2060 G.

237 2112 278 2190 ΙΙ,
315 2113 377 2178 369
411 2105 490 2177 «ad
518 2107 643 2178 eaelum
670 2109 760 2195 picea
788 2126 918 2177 crassus
942 2108 1075 2193 calipiae
1101 2106 1221 2177 nubem
1246 2107 1344 2197 (ignis

236 2224 325 2313 ruit).
353 2247 372 2291 6
396 2227 448 2305 IV,
481 2227 545 2291 668
575 2244 593 2289 v<
620 2222 815 2314 caligantem
841 2225 938 2310 niqra
964 2224 1132 2309 formidine
1169 2223 1291 2293 lutum.
1325 2245 1343 2289 6

236 2345 298 2409 638
323 2362 341 2409 «
369 2346 522 2430 quattuor
541 2338 678 2410 eximios
698 2341 876 2427 praestanti
898 2359 1025 2428 corpere
1048 2347 1169 2409 mures.
1197 2361 1215 2406 >v
1238 2343 1273 2408 Ε.
1299 2342 1341 2420 ΙΙ,

236 2460 271 2524 66
297 2477 316 2522 «
337 2458 421 2523 Cana
444 2467 552 2522 tenera
571 2455 719 2542 laaapt'ae
737 2453 833 2523 mala.
852 2457 919 2522 vd.
940 2458 998 2536 ΙΙΙ,
1015 2459 1078 2524 666
1098 2477 1116 2522 v
1133 2458 1246 2545 Ipsum
1261 2455 1344 2524 inter

236 2569 376 2660 peeudes
394 2582 487 2639 easta
506 2589 541 2639 se
562 2571 640 2638 mele
662 2577 857 2640 moventem.
882 2592 900 2637 6
926 2574 990 2639 766
1014 2592 1033 2636 v
1059 2569 1141 2640 vada
1164 2570 1247 2640 dura
1272 2570 1343 2661 lege

236 2689 324 2756 66666
337 2684 479 2775 Lilybeia
491 2687 600 2754 666666.
623 2710 638 2747 6
654 2688 737 2767 vill,
756 2691 768 2754 l
777 2689 818 2754 97
832 2707 850 2752 <v
866 2687 929 2755 Ora
941 2685 1046 2756 virum
1061 2688 1147 2756 tristi
1160 2685 1344 2775 pendebant

237 2799 357 2890 pallida
375 2801 458 2868 taba.
475 2822 493 2865 a

281 2917 360 2985 ileta
391 2917 427 2982 A.
462 2917 519 2995 ΙΙΙ,
553 2919 616 2983 668
645 2918 800 2984 «Demus
817 2917 904 2983 santa
921 2917 1119 3005 dapibusque
1146 2917 1296 2985 eruentis.
1326 2941 1341 2978 »

236 3033 329 3102 Senia
341 3033 416 3120 dap.
436 3043 556 3101 arama.
578 3051 651 3102 tum
669 3033 780 3101 domas
797 3031 963 3123 iungitur:
985 3032 1142 3102 ablativus
1162 3041 1212 3102 est
1224 3030 1344 3102 scilieet
1427 3055 1430 3064 ’

238 3149 398 3239 qualitatis
415 3149 464 3220 vel
477 3149 659 3231 comitatus,
673 3149 820 3239 quamvis
835 3149 923 3219 notio
938 3148 1016 3219 insit
1027 3149 1201 3239 praedicati
1214 3157 1246 3220 et
1258 3149 1345 3220 6666

136 3259 139 3266 ’
238 3263 412 3334 ablativum
426 3285 501 3334 eum
514 3263 668 3334 adieetive
688 3264 742 3334 vel·
756 3265 923 3355 partieipia
942 3272 1161 3335 eemtruetum
1177 3274 1344 3356 exspecte-

237 3401 323 3451 mus.
345 3385 390 3450 Ea
407 3388 456 3450 est
474 3380 614 3450 Beneisti
633 3380 853 3471 interpretatio
873 3381 930 3470 qui
953 3389 1037 3451 vecte
1055 3380 1163 3452 laeum
1181 3380 1344 3452 dilliailem

237 3495 435 3566 enucleatur.
470 3494 647 3584 llultepere
679 3495 726 3565 vis
745 3495 915 3566 lenutinnis
944 3496 1157 3578 minueretur,
1179 3496 1294 3586 inquit,
1317 3497 1344 3566 si

238 3611 396 3703 Vergilius
426 3610 630 3701 participium
661 3611 711 3680 vel
742 3611 945 3694 adieetivum
966 3620 1004 3681 ut
1031 3611 1172 3701 plenam,
1194 3612 1343 3684 refertam

238 3735 298 3798 666.
320 3726 530 3797 adiunxisset..
547 3726 658 3796 Sanies
678 3734 709 3795 66
728 3735 878 3796 eruentae
890 3725 989 3817 dapes
1005 3735 1081 3797 sunt
1100 3727 1192 3818 quasi
1211 3727 1345 3797 materia

239 3865 303 3934 qua
321 3844 438 3915 demus
455 3843 537 3913 laeta
548 3853 598 3913 est
614 3867 622 3926 ;
639 3842 735 3913 ablat.
750 3863 825 3934 erge
839 3843 879 3912 ad
893 3843 957 3912 abl.
975 3843 1127 3913 materiae
1142 3843 1246 3933 pessit
1259 3852 1345 3914 reete

97 4025 102 4034 .
238 3960 359 4031 referri.
382 3964 426 4029 Ea
439 3966 488 4029 est
500 3968 532 4028 et
549 3961 585 4028 A.
606 3957 699 4029 Gellii
717 3959 949 4048 interpretatio,
970 3979 1067 4050 quam
1086 3959 1232 4050 plerique
1252 3979 1342 4029 eem-

239 4084 434 4146 mentateres
457 4081 658 4162 aeceperunt.
679 4075 715 4140 A.
736 4077 788 4153 IV,
811 4076 874 4141 667
897 4095 915 4140 «
935 4077 1010 4163 ipsa
1033 4075 1117 4142 mela
1134 4075 1345 4165 manibusque

236 4197 299 4284 piis
317 4193 429 4264 altaria
446 4193 546 4261 iuxta.
569 4215 587 4259 6
607 4194 695 4262 Mala
712 4194 890 4280 nmnlbasq.
910 4195 973 4282 piis
994 4217 1002 4261 ε
1028 4191 1188 4262 ablativus
1202 4192 1346 4285 depingit
1417 4169 1422 4182 ⁸

240 4310 382 4402 reginam
399 4307 536 4399 eiusque
556 4307 713 4378 habitum.

282 4425 343 4494 Alii
375 4421 487 4515 pnetae
519 4423 633 4494 maiori
662 4423 809 4494 libertate
838 4425 871 4494 in
900 4423 1037 4495 ablativo
1068 4425 1231 4515 qualitatis
1250 4445 1345 4495 aens-

240 4541 375 4614 truendo
404 4551 551 4612 utuntur.
578 4541 623 4611 ef.
653 4546 748 4632 Prep.
775 4547 801 4622 1,
833 4546 885 4624 ΙΙ,
915 4548 958 4612 ti
978 4565 996 4610 «
1017 4548 1058 4613 Ut
1086 4543 1165 4612 milvi
1192 4546 1346 4613 maalle

238 4660 370 4748 peredere
387 4666 474 4729 terra
490 4659 583 4729 leret.
606 4680 624 4725 6
645 4661 702 4741 ΙΙΙ,
723 4663 757 4740 l,
772 4663 808 4728 3l
832 4681 849 4725 v
868 4660 996 4747 datque
1008 4680 1147 4730 sammaa
1159 4661 1244 4732 feres
1260 4681 1346 4732 nunt
